5240 7396
1298 1005 1342 1076 1'9

570 1229 654 1278 esse
688 1220 728 1278 et
761 1203 944 1279 similibus
980 1203 1112 1302 (ueluti
1138 1207 1198 1279 od.
1226 1206 1274 1279 lll
1305 1231 1367 1291 11,
1396 1226 1537 1299 29—52
1566 1205 1894 1304 Hypermnestrae
1919 1205 2059 1305 sabula)

570 1330 663 1403 satis
701 1329 853 1403 delendi
892 1328 999 1402 multi
1037 1330 1281 1434 adnotauere.
1333 1330 1436 1428 quod
1468 1330 1517 1404 ad
1551 1329 1719 1428 singula,
1759 1329 2061 1428 Peerlkampius‚

571 1478 801 1554 quamquam
847 1453 962 1527 etiam
1008 1479 1054 1528 ea
1099 1455 1332 1552 uituperauit
1376 1455 1434 1553 (ut
1468 1471 1551 1529 erat
1584 1455 1643 1528 uir
1679 1456 1857 1552 egregius
1893 1456 1943 1529 ad
1981 1481 2063 1553 per-

570 1579 765 1676 cipiendos
814 1603 950 1652 sensus
1002 1579 1170 1675 poeticos
1216 1580 1406 1654 interdum
1454 1580 1641 1678 hebetior)
1690 1605 1788 1678 quae
1839 1580 1974 1654 iniuria
2024 1580 2062 1653 in

572 1703 905 1799 reprehensionem
941 1703 1156 1792 incurrunt,
1204 1719 1332 1778 tamen
1367 1705 1404 1778 in
1440 1705 1658 1778 uniuersum
1693 1721 1794 1778 recte
1828 1705 1881 1778 ita
1913 1721 2061 1778 censet:

571 1827 823 1901 inueniuntur
855 1828 897 1899 in
930 1828 1003 1900 asta
1040 1827 1172 1920 fabula
1200 1829 1361 1925 pulchri
1395 1855 1550 1916 uersus,
1587 1830 1654 1902 sed
1674 1830 1785 1902 etrum
1810 1829 1901 1902 tales
1937 1829 2063 1928 quales

570 1952 736 2050 equidem
770 1952 942 2025 Romano
970 1962 1082 2048 poeta
1119 1978 1194 2025 non
1227 1953 1362 2052 dtgrws
1395 1953 1525 2027 iudico.
1561 1954 1697 2028 iudicio
1722 1970 1834 2028 acuto
1859 1953 2064 2051 subtilique

572 2074 709 2150 uellem
748 2076 806 2149 uir
843 2077 976 2149 doctus
1015 2075 1069 2150 ita
1105 2077 1305 2150 institisset
1344 2094 1385 2150 ut
1424 2078 1517 2151 uitia
1550 2094 1665 2174 poeta
1702 2079 1874 2152 Romano
1908 2077 2062 2151 omnino

573 2201 729 2298 indigna
753 2200 840 2274 forti
866 2224 980 2273 manu
1008 2217 1205 2274 resecaret.
1234 2226 1320 2273 nam
1347 2201 1401 2275 ita
1425 2226 1517 2275 sane
1542 2202 1733 2299 agendum
1759 2218 1818 2275 est
1844 2203 1881 2275 in
1896 2202 1966 2276 hoc
1986 2228 2062 2277 car·

573 2325 693 2410 mine,
732 2350 808 2422 quo
841 2350 917 2398 non
952 2323 1113 2398 alterum
1149 2326 1401 2399 Horatianum
1437 2324 1563 2422 plures
1598 2351 1666 2422 pro
1702 2351 1878 2400 uersuum
1905 2351 2062 2400 numero

571 2449 815 2525 difficultates
847 2450 969 2524 adhuc
1005 2451 1173 2546 praebet.
1212 2451 1280 2524 sed
1314 2465 1434 2526 totam
1465 2449 1565 2524 illam
1591 2451 1873 2548 degressionem
1900 2468 2063 2556 pertrac-

572 2592 720 2651 taturus
759 2600 879 2672 pauca
916 2574 964 2647 de
1001 2573 1149 2648 fabulae
1184 2591 1225 2647 ut
1260 2575 1313 2648 ita
1346 2574 1468 2648 dicam
1501 2600 1616 2648 scena
1649 2575 1930 2672 praemittenda
1953 2577 2061 2650 duco.

571 2727 686 2802 quam
713 2700 989 2797 refragantibus
1015 2698 1103 2772 licet
1128 2698 1391 2796 Peerlkampio
1417 2697 1574 2797 aliisque
1600 2700 1807 2774 rectissime
1834 2700 2062 2797 interpretes

572 2825 820 2899 inlustrarunt
848 2823 906 2922 (cs.
933 2849 991 2897 ex.
1018 2849 1074 2922 gr.
1103 2823 1294 2922 Orellius).
1336 2840 1464 2920 potest
1489 2825 1641 2921 quidem
1668 2826 1706 2898 in
1732 2850 1779 2900 ea
1802 2826 2064 2901 adumbranda

573 2966 688 3049 poeta
725 2950 824 3023 iusto
862 2949 1014 3023 breuior
1051 2948 1170 3021 uideri
1210 2948 1337 3034 nobis;
1376 2973 1446 3022 nec
1485 2965 1612 3022 tamen
1650 2949 1948 3024 obliuiscendum
1982 2964 2060 3036 est,

570 3074 737 3173 antiquis
763 3073 966 3148 lectoribus
991 3071 1140 3147 fabulae
1165 3089 1391 3169 apparatum
1417 3073 1524 3170 quasi
1550 3090 1749 3147 externum
1780 3075 1898 3171 (tacto
1923 3074 2062 3148 Cretae

571 3199 681 3274 litore
707 3215 857 3273 taurum
882 3199 1008 3272 subito
1034 3223 1110 3271 non
1131 3197 1373 3293 apparuisse,
1402 3197 1586 3294 uirginem
1601 3198 1855 3295 desperationi
1869 3215 2063 3273 extremae

572 3325 750 3399 traditam
776 3324 901 3422 deque
927 3339 1050 3396 morte
1075 3322 1260 3395 sumenda
1284 3322 1516 3419 cogitantem
1530 3323 1683 3396 tandem
1707 3321 1896 3397 aVenere
1909 3322 2062 3398 mulceri

573 3448 866 3547 praepararique
904 3447 983 3520 Ioui
1010 3461 1156 3520 mutata
1180 3445 1300 3520 forma
1325 3446 1475 3520 iamiam
1501 3447 1684 3546 redituro)
1712 3472 1760 3521 ex
1787 3446 1988 3541 multorum
2013 3491 2064 3502 -

572 3575 687 3648 etiam
714 3574 919 3671 pictorum:
946 3570 989 3646 cl.
1019 3570 1397 3669 UngerusEmendd.
1426 3570 1559 3645 Horat.
1575 3596 1611 3668 p.
1626 3577 1669 3644 61
1686 3571 2063 3669 -descriptionibus

572 3698 686 3772 luisse
712 3698 968 3783 notissimum,
995 3697 1062 3770 sed
1088 3695 1295 3770 delectatos
1321 3721 1405 3769 esse
1430 3697 1584 3770 eosdem
1604 3721 1703 3769 noua
1715 3695 1865 3794 singula
1877 3698 2064 3771 tractandi

562 3840 664 3930 arte.
691 3849 767 3921 qua
792 3820 941 3896 excellit
967 3820 1170 3906 Horatius,
1196 3846 1281 3893 cum
1296 3818 1444 3917 puellae
1457 3821 1513 3894 ira
1530 3847 1574 3895 ac
1587 3820 1716 3894 dolore
1730 3847 1894 3896 uesanae
1907 3823 2064 3897 affectus

570 3946 770 4046 splendide
795 3946 992 4032 describit,
1019 3971 1148 4020 amara
1168 3945 1273 4020 lento
1288 3945 1364 4019 risu
1379 3962 1606 4043 temperans.
1633 3946 1682 4019 ab
1696 3945 1754 4019 his
1765 3962 1894 4020 autem
1908 3948 2064 4022 uocibus

572 4097 657 4147 eam
683 4071 880 4147 lamentari
906 4071 994 4146 sacit
1020 4070 1262 4167 incipientem
1291 4071 1368 4167 (uu.
1397 4071 1576 4168 37—44):

997 4241 1089 4301 Unde
1108 4258 1169 4317 quo
1189 4237 1259 4300 ueni
1278 4237 1374 4299 leuis?
1393 4257 1453 4298 una
1473 4258 1552 4301 mors
1571 4249 1615 4300 est

997 4336 1153 4416 Virginum
1173 4339 1293 4414 culpae!
1316 4335 1480 4414 uigilansne
1499 4337 1585 4414 ploro

997 4435 1101 4512 Turpe
1119 4427 1311 4496 commissum
1331 4453 1370 4494 an
1391 4433 1470 4494 uitiis
1489 4444 1638 4496 carentem

1177 4531 1268 4593 Ludit
1288 4531 1387 4610 imago

997 4631 1098 4705 Vana,
1118 4649 1195 4707 quae
1214 4639 1301 4707 porta
1320 4629 1433 4708 fugiens
1451 4630 1563 4691 ebuma

997 4727 1153 4790 Somnium
1173 4716 1278 4790 ducit?
1297 4727 1441 4790 meliusne
1460 4728 1566 4788 fluctus

998 4829 1045 4888 Ire
1064 4845 1117 4905 per
1136 4828 1241 4905 longos
1260 4825 1329 4902 luit,
1349 4845 1389 4886 an
1409 4836 1539 4887 recentes

1178 4924 1304 5002 Carpere
1324 4924 1430 4985 flores?

572 5075 716 5151 correxi
743 5103 778 5147 u.
808 5095 852 5167 37
880 5073 1243 5171 interpunctionem:
1271 5073 1387 5172 uulgo
1412 5074 1504 5147 leuis
1530 5100 1607 5147 una
1633 5099 1734 5147 mors
1758 5084 1814 5147 cst
1829 5075 2064 5170 coniungunt

572 5201 696 5274 minus
731 5200 849 5302 bene,
884 5224 969 5271 cum
1003 5216 1070 5273 aut
1103 5199 1195 5272 leuis
1222 5208 1345 5295 poena
1370 5215 1437 5273 aut
1462 5199 1653 5272 nonsatis
1679 5223 1755 5272 una
1780 5224 1880 5273 mors
1905 5199 2065 5274 dicenda

572 5324 685 5398 suerit
710 5348 872 5420 cumque
898 5323 936 5396 id
961 5322 1082 5397 solum
1107 5322 1200 5398 uelit
1225 5324 1399 5421 Europa,
1426 5321 1516 5395 nihil
1543 5322 1613 5395 nisi
1640 5339 1801 5396 mortem
1823 5323 1894 5396 sibi
1909 5339 2063 5399 restare.

573 5474 653 5522 rem
690 5465 819 5522 autem
858 5464 1068 5545 exaggerat
1105 5449 1239 5521 eadem
1277 5448 1326 5521 de
1363 5448 1490 5543 culpa,
1530 5447 1600 5520 hoc
1625 5463 1703 5532 est,
1742 5447 1887 5544 patriae
1913 5447 2065 5522 relictae

571 5572 710 5646 delicto
744 5571 903 5671 loquens
939 5572 1046 5670 (caue
1071 5573 1173 5645 enim
1199 5597 1248 5646 ne
1273 5572 1321 5645 de
1346 5571 1449 5645 laeso
1475 5572 1620 5669 pudore
1645 5571 1833 5670 accipias).
1872 5572 1926 5645 sic
1950 5573 2065 5647 etiam

573 5695 772 5794 intellegas
810 5721 894 5771 cum
934 5706 1044 5793 turpe
1079 5698 1314 5770 commissum
1353 5712 1433 5769 tum
1473 5694 1563 5768 illud
1600 5695 1705 5768 uiu'z's
1737 5707 1940 5769 carentem:
1977 5721 2065 5770 nam

575 5819 708 5919 plurali
735 5834 893 5894 numero'
920 5822 1048 5919 (quem
1076 5846 1193 5919 praue
1219 5821 1257 5894 in
1282 5819 1513 5918 singularem
1539 5820 1738 5893 mutabant
1764 5819 1946 5919 nonnulli)
1967 5821 2065 5895 bene

573 5947 783 6020 adnotante
816 5945 989 6020 Gesnero
1024 5945 1150 6042 puella
1183 5961 1316 6042 aperte
1351 5944 1478 6018 omnia
1512 5944 1649 6041 quibus
1675 5967 1856 6041 praeceps
1881 5946 2067 6043 agebatur
