5240 7396
1286 963 1332 1033 14

557 1165 626 1238 sed
658 1163 880 1237 humilitatis
915 1164 1059 1237 notioni
1094 1163 1365 1260 exprimendae
1392 1162 1612 1259 neutiquam
1638 1161 1967 1234 adcommodatum
1994 1176 2052 1232 est

559 1290 701 1362 nudum
728 1288 818 1361 illud
834 1299 1053 1385 pauperum
1078 1289 1237 1386 sanguis
1255 1297 1483 1384 pareutum,
1512 1303 1716 1382 propterea
1732 1285 1835 1383 quod
1848 1299 2053 1380 paupertas

557 1415 672 1488 etiam
698 1414 799 1487 cadit
825 1414 863 1487 in
889 1414 1061 1487 homines
1087 1438 1134 1486 ex
1159 1415 1302 1509 genere
1329 1412 1561 1484 nobilissimo
1587 1428 1702 1484 ortos.
1737 1409 1910 1508 quamuis
1937 1408 2054 1505 igitur

556 1538 777 1635 saepissime
813 1537 959 1612 serente
993 1563 1139 1611 conexu
1173 1553 1417 1635 opponantur
1451 1536 1550 1608 inter
1584 1561 1625 1609 se
1651 1534 1888 1609 solummodo
1914 1523 2053 1606 diuites

557 1679 597 1736 et
631 1687 819 1760 pauperes
846 1661 950 1760 (uide
975 1687 1033 1734 ex.
1061 1687 1117 1759 gr.
1145 1662 1199 1748 Il,
1231 1663 1293 1746 18,
1326 1683 1369 1733 ro
1385 1670 1665 1758 pauperemque
1689 1660 1794 1733 diues
1819 1684 1875 1731 me
1891 1658 1990 1754 peu't
2013 1673 2053 1729 et

558 1788 589 1859 ΙΙ
621 1811 682 1878 14,
714 1809 752 1858 11
773 1813 828 1884 sq.
865 1787 944 1858 siue
968 1811 1075 1886 reges
1100 1787 1179 1858 siue
1202 1786 1328 1881 inopes
1352 1786 1495 1858 erimus
1520 1786 1672 1882 calone),
1701 1801 1827 1858 tamen
1854 1783 1961 1880 origo
1988 1780 2052 1854 ubi

556 1911 782 1985 declaranda
819 1927 878 1984 est
916 1936 991 1983 non
1029 1909 1139 1983 simul
1179 1909 1421 2008 intellegitur.
1474 1911 1560 1983 hinc
1600 1910 1712 1983 uariis
1750 1908 1872 1981 modis
1907 1924 2051 1981 certum

556 2035 734 2134 loquendi
768 2061 891 2132 genus
924 2051 983 2108 est
1017 2051 1160 2121 ortum,
1197 2036 1300 2133 quod
1335 2034 1537 2109 inlustrant
1563 2034 1738 2132 exempla
1764 2035 1900 2108 haece:
1932 2032 1992 2106 od.
2021 2031 2052 2103 ΙΙ

558 2185 598 2254 3,
627 2185 667 2233 21
698 2186 780 2258 sqq.
820 2160 969 2233 diuesue
987 2161 1116 2256 prisca
1141 2171 1253 2232 uatus
1277 2160 1323 2232 ab
1349 2160 1491 2233 Inacha
1516 2161 1575 2232 uz'l
1594 2160 1751 2232 interest
1772 2186 1824 2232 an
1841 2166 2056 2255 pauperet

554 2285 690 2383 infima
723 2286 766 2358 de
790 2293 926 2384 ‘geule;
965 2302 1035 2358 sat.
1072 2287 1154 2370 16,
1184 2287 1228 2378 58
1268 2311 1342 2357 nou
1366 2309 1433 2383 ega
1457 2311 1514 2356 me
1538 2284 1640 2357 clara
1666 2294 1798 2356 uatum
1816 2293 1950 2380 patre,
1978 2309 2052 2356 nau

554 2436 621 2508 ego
653 2411 793 2483 circum
828 2435 884 2482 me
909 2411 1136 2482 Saturuaua
1172 2411 1316 2482 uectari
1348 2436 1448 2482 rura
1481 2409 1686 2482 caballo...
1714 2434 1834 2481 uarro
1862 2407 1948 2506 (hoc
1973 2424 2050 2480 est:

557 2561 631 2607 non
659 2560 770 2608 narro
797 2561 857 2608 mc
884 2533 1047 2608 nobilem
1074 2551 1113 2607 ct
1139 2534 1296 2607 diuitem
1323 2535 1442 2633 esse);
1471 2534 1580 2631 epist.
1609 2534 1623 2605 Ι
1652 2558 1720 2618 20,
1744 2554 1791 2606 20
1811 2533 2053 2606 uulibertiua

556 2671 688 2733 uatum
713 2670 830 2756 patre
861 2671 898 2732 et
928 2660 970 2732 iu
1004 2659 1109 2732 unu·
1138 2685 1199 2745 re;
1240 2660 1458 2756 Propertius
1496 2660 1527 2732 ΙΙ
1564 2683 1629 2752 24,
1663 2679 1707 2751 37
1733 2684 1789 2755 sq.
1817 2667 1939 2730 certus
1964 2681 2051 2730 eras

555 2784 664 2870 eheu,
698 2785 874 2880 quamuis
908 2810 970 2857 uec
1003 2784 1189 2884 sauguine
1221 2784 1324 2856 auita
1359 2783 1488 2856 nabilis
1511 2793 1548 2855 et
1570 2784 1745 2880 quamuis
1771 2808 1844 2856 uau
1869 2783 1923 2854 ila
1948 2783 2051 2855 diues

554 2935 659 2994 eras;
699 2908 779 2982 laus
815 2909 960 2982 Pisonis
1001 2908 1120 3007 (Poet.
1156 2907 1219 2981 lat.
1256 2908 1343 2980 min.
1381 2909 1395 2979 Ι
1430 2935 1465 3004 p.
1504 2910 1589 3006 230)
1623 2910 1689 2979 118
1716 2933 1772 3005 sq.
1798 2933 1897 2980 rara
1922 2907 2051 2979 damus

556 3043 701 3106 tenuem
731 3059 806 3106 nou
831 3043 1063 3129 aspernatur
1087 3034 1248 3105 amicum
1274 3058 1441 3128 raraque
1467 3057 1541 3104 nau
1567 3033 1743 3106 humilem
1767 3033 1886 3104 calcal
1899 3030 2051 3131 sastasa

555 3159 718 3231 cluentem
756 3174 796 3230 et
834 3183 932 3255 quae
971 3174 1060 3230 sunt
1099 3157 1209 3229 huius
1249 3157 1350 3229 modi
1388 3155 1461 3230 alia
1499 3157 1600 3229 haud
1640 3182 1769 3252 pauca.
1811 3156 1911 3229 unde
1945 3154 2051 3229 facile

555 3282 730 3379 agnoscis
771 3308 817 3355 eo
860 3284 986 3380 quode
1028 3282 1176 3378 agimus
1211 3279 1293 3354 loco
1333 3297 1485 3377 praeter
1519 3297 1784 3378 paupertatem
1819 3305 1898 3353 rem
1934 3279 2052 3353 multo

555 3407 769 3504 grauiorem
816 3423 856 3480 et
903 3421 1039 3502 poetae
1083 3406 1278 3502 proposito
1323 3406 1432 3479 unice
1469 3405 1759 3479 conuenientem
1798 3403 1901 3478 nullo
1939 3421 2051 3501 pacto

556 3532 679 3605 omitti
714 3531 900 3604 debuisse.
938 3555 1049 3627 porro
1084 3531 1157 3603 iam
1193 3531 1275 3626 ipsa
1311 3530 1493 3604 orationis
1529 3531 1648 3604 sorma
1687 3531 1800 3629 (quae
1833 3545 1893 3602 est
1917 3531 2051 3603 eadem

556 3673 672 3754 atque
715 3656 753 3728 in
793 3657 965 3729 uersibus
1002 3681 1050 3729 ex
1088 3672 1158 3728 sat.
1198 3655 1262 3728 16
1301 3656 1495 3754 excriptis)
1540 3655 1741 3729 Horatium
1780 3656 1850 3729 hoc
1888 3652 2052 3728 uoluisse

556 3781 820 3886 demonstrati
850 3806 925 3854 non
962 3805 1035 3878 ego
1052 3790 1224 3877 pauper,
1251 3806 1327 3852 non
1354 3805 1427 3877 ego
1452 3780 1625 3879 eguabz'lis
1650 3781 1772 3852 omnis
1799 3779 1946 3853 moriar.
1987 3779 2051 3853 tali

555 3922 684 3979 autem
720 3905 933 3978 sententiae
959 3903 1066 3978 facile
1093 3905 1160 3978 tibi
1188 3905 1417 4000 persuadeas
1443 3903 1531 3976 olim
1559 3902 1736 3976 lectorem
1763 3903 1926 4001 aliquem
1955 3903 2052 3976 male

555 4054 638 4103 eam
678 4028 962 4126 intellegentem
996 4029 1240 4126 adscripsisse
1273 4055 1381 4126 quem
1416 4054 1524 4101 uocas
1550 4029 1664 4127 idque
1690 4019 1813 4126 ipsum
1840 4029 1875 4101 in
1904 4045 2051 4101 textum

556 4171 749 4250 receptum
785 4153 976 4250 expulisse
1001 4155 1206 4250 genuinam
1233 4154 1444 4227 lectionem.
1485 4179 1693 4252 quaecum
1721 4154 1773 4227 ita
1798 4179 1839 4226 se
1866 4154 2050 4239 habeant,

556 4303 691 4352 uereor
729 4296 770 4352 ut
810 4304 988 4376 umquam
1027 4295 1174 4352 mutata
1211 4304 1286 4352 una
1323 4277 1492 4352 alteraue
1531 4277 1696 4352 litterula
1731 4278 1905 4374 scriptori
1941 4303 2051 4350 suum

556 4404 715 4476 reddere
753 4402 873 4476 liceat.
925 4404 993 4476 sed
1031 4404 1209 4501 quoniam
1245 4405 1282 4475 in
1323 4403 1387 4476 tali
1426 4403 1665 4488 condicione,
1703 4403 1734 4476 si
1773 4403 1811 4474 in
1850 4428 1925 4500 qua
1959 4401 2051 4488 alia,

556 4527 709 4600 ludendi
748 4527 1020 4625 ingeniumque
1058 4528 1280 4624 experiundi
1320 4526 1475 4601 facultas
1516 4527 1587 4600 rite
1625 4552 1804 4601 concessa
1829 4543 1907 4612 cst,
1948 4525 2052 4599 lubet

555 4651 770 4749 speciminis
805 4651 928 4747 gratia
953 4650 1094 4724 addere
1121 4652 1158 4723 id
1184 4651 1286 4748 quod
1313 4651 1412 4724 inter
1438 4651 1541 4725 uaria
1567 4651 1817 4749 temptamina
1843 4651 1942 4725 ultro
1968 4677 2052 4725 sese

556 4775 755 4849 offerentia
780 4792 868 4848 uate
895 4775 1091 4848 Venusino
1118 4775 1380 4871 dignissimum
1407 4775 1528 4847 uisum
1554 4793 1631 4849 est:

1234 5015 1296 5059 non
1316 5016 1373 5075 ego
1393 5016 1555 5074 pauperum

956 5094 1080 5173 Sanguis
1100 5106 1272 5171 parentum,
1292 5115 1354 5156 non
1375 5114 1431 5174 ego
1450 5116 1539 5172 egeus
1559 5099 1646 5170 auu,

1077 5191 1192 5252 Dilecte
1213 5194 1386 5266 Maecenas,
1408 5193 1509 5255 obibo.

555 5431 647 5478 auos
673 5423 712 5479 ct
729 5415 899 5501 proauos
932 5430 1046 5478 sensu
1078 5406 1305 5502 praegnanti
1333 5406 1493 5480 maiores
1522 5406 1666 5480 nobiles
1691 5408 1794 5504 apud
1820 5423 1953 5502 poetas
1978 5407 2051 5504 sig-

558 5530 727 5616 nificare,
764 5530 890 5602 notius
924 5547 982 5603 est
1017 5555 1130 5628 quam
1169 5531 1271 5628 quod
1308 5530 1491 5628 exemplis
1526 5531 1748 5605 confirmare
1773 5547 1967 5628 oporteat;
2002 5532 2050 5605 ad

557 5653 648 5726 illud
681 5679 790 5752 egens
828 5671 1068 5750 comparetur
1093 5653 1239 5726 Statius
1264 5653 1347 5727 silu.
1375 5655 1410 5726 V
1440 5680 1480 5740 2,
1512 5677 1552 5750 15
1581 5683 1663 5754 sqq.
1701 5682 1775 5728 nau
1801 5665 1834 5728 te
1857 5655 1971 5728 series
1995 5656 2052 5727 iu-

556 5777 699 5852 lzouara
724 5788 934 5875 pareutum
968 5779 1164 5851 obscurum
1189 5780 1354 5874 proauis
1385 5790 1423 5852 el
1438 5781 1590 5876 priscae
1615 5781 1706 5852 lucis
1728 5790 1892 5878 egentem
1909 5779 2050 5875 plebu'a

556 5902 599 5974 de
625 5903 741 5999 stirpe
766 5903 861 5975 tulz‘t.
