<?xml version="1.0" encoding="UTF-8"?>
<!DOCTYPE html PUBLIC "-//W3C//DTD XHTML 1.0 Transitional//EN"
    "http://www.w3.org/TR/xhtml1/DTD/xhtml1-transitional.dtd">
<html xmlns="http://www.w3.org/1999/xhtml" xml:lang="en" lang="en">
 <head>
  <title>
</title>
<meta http-equiv="Content-Type" content="text/html;charset=utf-8" />
  <meta name='ocr-system' content='tesseract 3.04.00' />
  <meta name='ocr-capabilities' content='ocr_page ocr_carea ocr_par ocr_line ocrx_word'/>
</head>
<body>
  <div class='ocr_page' id='page_1' title='image "./lectioneshorati00bhgoog_0041.png"; bbox 0 0 5240 7396; ppageno 0'>
   <div class='ocr_carea' id='block_1_1' title="bbox 1287 997 1334 1066">
    <p class='ocr_par' dir='ltr' id='par_1_1' title="bbox 1287 997 1334 1066">
     <span class='ocr_line' id='line_1_1' title="bbox 1287 997 1334 1066; baseline 0 0"><span class='ocrx_word' id='word_1_1' title='bbox 1287 997 1334 1066; x_wconf 88' lang='grc'>34</span> 
     </span>
    </p>
   </div>
   <div class='ocr_carea' id='block_1_2' title="bbox 483 1195 2059 2289">
    <p class='ocr_par' dir='ltr' id='par_1_2' title="bbox 483 1195 2059 2289">
     <span class='ocr_line' id='line_1_2' title="bbox 559 1195 2058 1294; baseline -0.001 -26"><span class='ocrx_word' id='word_1_2' title='bbox 559 1197 789 1269; x_wconf 90' lang='lat' dir='ltr'>cinationem</span> <span class='ocrx_word' id='word_1_3' title='bbox 824 1215 976 1270; x_wconf 91' lang='lat' dir='ltr'>secutus</span> <span class='ocrx_word' id='word_1_4' title='bbox 1011 1216 1070 1271; x_wconf 91' lang='lat' dir='ltr'>est</span> <span class='ocrx_word' id='word_1_5' title='bbox 1105 1198 1162 1269; x_wconf 92' lang='lat' dir='ltr'>uir</span> <span class='ocrx_word' id='word_1_6' title='bbox 1197 1223 1368 1294; x_wconf 85' lang='lat' dir='ltr'>magnus.</span> <span class='ocrx_word' id='word_1_7' title='bbox 1410 1214 1450 1269; x_wconf 95' lang='lat' dir='ltr'>tu</span> <span class='ocrx_word' id='word_1_8' title='bbox 1485 1197 1601 1293; x_wconf 84' lang='lat' dir='ltr'>igitur</span> <span class='ocrx_word' id='word_1_9' title='bbox 1634 1196 1801 1268; x_wconf 90' lang='lat' dir='ltr'>animum</span> <span class='ocrx_word' id='word_1_10' title='bbox 1827 1195 1984 1267; x_wconf 86' lang='lat' dir='ltr'>attende</span> <span class='ocrx_word' id='word_1_11' title='bbox 2010 1195 2058 1268; x_wconf 93' lang='lat' dir='ltr'>ad</span> 
     </span>
     <span class='ocr_line' id='line_1_3' title="bbox 560 1319 2058 1422; baseline 0.001 -30"><span class='ocrx_word' id='word_1_12' title='bbox 560 1319 662 1394; x_wconf 90' lang='lat' dir='ltr'>hacc.</span> <span class='ocrx_word' id='word_1_13' title='bbox 691 1331 744 1394; x_wconf 79' lang='lat' dir='ltr'>tol</span> <span class='ocrx_word' id='word_1_14' title='bbox 768 1322 934 1419; x_wconf 87' lang='lat' dir='ltr'>Augusti</span> <span class='ocrx_word' id='word_1_15' title='bbox 962 1325 1107 1422; x_wconf 74' lang='lat' dir='ltr'>nogotio</span> <span class='ocrx_word' id='word_1_16' title='bbox 1134 1324 1197 1420; x_wconf 91' lang='lat' dir='ltr'>qui</span> <span class='ocrx_word' id='word_1_17' title='bbox 1226 1323 1354 1420; x_wconf 87' lang='lat' dir='ltr'>paucis</span> <span class='ocrx_word' id='word_1_18' title='bbox 1382 1320 1462 1394; x_wconf 91' lang='lat' dir='ltr'>uult</span> <span class='ocrx_word' id='word_1_19' title='bbox 1488 1320 1710 1418; x_wconf 81' lang='lat' dir='ltr'><strong>complecti,</strong></span> <span class='ocrx_word' id='word_1_20' title='bbox 1738 1321 1769 1392; x_wconf 92' lang='lat' dir='ltr'>is</span> <span class='ocrx_word' id='word_1_21' title='bbox 1795 1320 1938 1393; x_wconf 92' lang='lat' dir='ltr'>absone</span> <span class='ocrx_word' id='word_1_22' title='bbox 1965 1320 2058 1393; x_wconf 90' lang='lat' dir='ltr'>duas</span> 
     </span>
     <span class='ocr_line' id='line_1_4' title="bbox 561 1444 2059 1544; baseline -0.001 -26"><span class='ocrx_word' id='word_1_23' title='bbox 561 1462 707 1519; x_wconf 90' lang='lat' dir='ltr'>tantum</span> <span class='ocrx_word' id='word_1_24' title='bbox 735 1472 813 1530; x_wconf 79' lang='lat' dir='ltr'>reS,</span> <span class='ocrx_word' id='word_1_25' title='bbox 840 1464 952 1544; x_wconf 82' lang='lat' dir='ltr'>gesta</span> <span class='ocrx_word' id='word_1_26' title='bbox 977 1445 1110 1520; x_wconf 86' lang='lat' dir='ltr'>bellica</span> <span class='ocrx_word' id='word_1_27' title='bbox 1136 1464 1175 1520; x_wconf 91' lang='lat' dir='ltr'>et</span> <span class='ocrx_word' id='word_1_28' title='bbox 1202 1473 1348 1519; x_wconf 93' lang='lat' dir='ltr'>morum</span> <span class='ocrx_word' id='word_1_29' title='bbox 1376 1447 1702 1530; x_wconf 87' lang='lat' dir='ltr'>emendationem,</span> <span class='ocrx_word' id='word_1_30' title='bbox 1731 1444 1892 1542; x_wconf 85' lang='lat' dir='ltr'>profert;</span> <span class='ocrx_word' id='word_1_31' title='bbox 1916 1445 2059 1517; x_wconf 91' lang='lat' dir='ltr'>absone</span> 
     </span>
     <span class='ocr_line' id='line_1_5' title="bbox 560 1568 2057 1668; baseline -0.001 -27"><span class='ocrx_word' id='word_1_32' title='bbox 560 1570 632 1643; x_wconf 93' lang='lat' dir='ltr'>tria</span> <span class='ocrx_word' id='word_1_33' title='bbox 667 1570 748 1643; x_wconf 88' lang='lat' dir='ltr'>cola</span> <span class='ocrx_word' id='word_1_34' title='bbox 782 1571 930 1644; x_wconf 88' lang='lat' dir='ltr'>concisa</span> <span class='ocrx_word' id='word_1_35' title='bbox 957 1572 1083 1668; x_wconf 87' lang='lat' dir='ltr'>ponit,</span> <span class='ocrx_word' id='word_1_36' title='bbox 1116 1597 1276 1668; x_wconf 92' lang='lat' dir='ltr'>quorum</span> <span class='ocrx_word' id='word_1_37' title='bbox 1304 1571 1379 1643; x_wconf 94' lang='lat' dir='ltr'>duo</span> <span class='ocrx_word' id='word_1_38' title='bbox 1406 1572 1566 1644; x_wconf 90' lang='lat' dir='ltr'>eandem</span> <span class='ocrx_word' id='word_1_39' title='bbox 1594 1596 1673 1644; x_wconf 90' lang='lat' dir='ltr'>rem</span> <span class='ocrx_word' id='word_1_40' title='bbox 1692 1571 1717 1667; x_wconf 88' lang='lat'>¹)</span> <span class='ocrx_word' id='word_1_41' title='bbox 1746 1568 1905 1641; x_wconf 88' lang='lat' dir='ltr'>diuersis</span> <span class='ocrx_word' id='word_1_42' title='bbox 1933 1568 2057 1641; x_wconf 89' lang='lat' dir='ltr'>uerbis</span> 
     </span>
     <span class='ocr_line' id='line_1_6' title="bbox 559 1693 2059 1792; baseline -0.001 -25"><span class='ocrx_word' id='word_1_43' title='bbox 559 1695 728 1784; x_wconf 84' lang='lat' dir='ltr'>efferant.</span> <span class='ocrx_word' id='word_1_44' title='bbox 765 1695 852 1767; x_wconf 86' lang='lat' dir='ltr'>licet</span> <span class='ocrx_word' id='word_1_45' title='bbox 884 1695 954 1768; x_wconf 93' lang='lat' dir='ltr'>hoc</span> <span class='ocrx_word' id='word_1_46' title='bbox 981 1695 1061 1768; x_wconf 89' lang='lat' dir='ltr'>fieri</span> <span class='ocrx_word' id='word_1_47' title='bbox 1089 1696 1125 1768; x_wconf 93' lang='lat' dir='ltr'>in</span> <span class='ocrx_word' id='word_1_48' title='bbox 1152 1695 1316 1792; x_wconf 84' lang='lat' dir='ltr'>largiore</span> <span class='ocrx_word' id='word_1_49' title='bbox 1342 1695 1621 1792; x_wconf 87' lang='lat' dir='ltr'>disputatione,</span> <span class='ocrx_word' id='word_1_50' title='bbox 1650 1721 1725 1768; x_wconf 94' lang='lat' dir='ltr'>non</span> <span class='ocrx_word' id='word_1_51' title='bbox 1752 1693 1839 1767; x_wconf 89' lang='lat' dir='ltr'>licet</span> <span class='ocrx_word' id='word_1_52' title='bbox 1865 1695 1903 1766; x_wconf 92' lang='lat' dir='ltr'>in</span> <span class='ocrx_word' id='word_1_53' title='bbox 1930 1696 2059 1767; x_wconf 90' lang='lat' dir='ltr'>adum-</span> 
     </span>
     <span class='ocr_line' id='line_1_7' title="bbox 559 1819 2059 1917; baseline -0.001 -26"><span class='ocrx_word' id='word_1_54' title='bbox 559 1819 732 1892; x_wconf 92' lang='lat' dir='ltr'>bratione</span> <span class='ocrx_word' id='word_1_55' title='bbox 758 1820 998 1906; x_wconf 89' lang='lat' dir='ltr'>breuissima,</span> <span class='ocrx_word' id='word_1_56' title='bbox 1026 1821 1063 1892; x_wconf 92' lang='lat' dir='ltr'>in</span> <span class='ocrx_word' id='word_1_57' title='bbox 1091 1846 1166 1917; x_wconf 89' lang='lat' dir='ltr'>qua</span> <span class='ocrx_word' id='word_1_58' title='bbox 1192 1837 1385 1917; x_wconf 85' lang='lat' dir='ltr'>tamquam</span> <span class='ocrx_word' id='word_1_59' title='bbox 1413 1821 1450 1892; x_wconf 91' lang='lat' dir='ltr'>in</span> <span class='ocrx_word' id='word_1_60' title='bbox 1479 1819 1641 1892; x_wconf 88' lang='lat' dir='ltr'>indiculo</span> <span class='ocrx_word' id='word_1_61' title='bbox 1668 1845 1793 1891; x_wconf 90' lang='lat' dir='ltr'>rerum</span> <span class='ocrx_word' id='word_1_62' title='bbox 1819 1819 1946 1915; x_wconf 89' lang='lat' dir='ltr'>capita</span> <span class='ocrx_word' id='word_1_63' title='bbox 1970 1834 2059 1890; x_wconf 93' lang='lat' dir='ltr'>sunt</span> 
     </span>
     <span class='ocr_line' id='line_1_8' title="bbox 560 1943 2058 2042; baseline -0.002 -26"><span class='ocrx_word' id='word_1_64' title='bbox 560 1945 737 2016; x_wconf 91' lang='lat' dir='ltr'>notanda.</span> <span class='ocrx_word' id='word_1_65' title='bbox 765 1945 900 2040; x_wconf 93' lang='lat' dir='ltr'>quodsi</span> <span class='ocrx_word' id='word_1_66' title='bbox 927 1945 1142 2042; x_wconf 89' lang='lat' dir='ltr'>quaerimus</span> <span class='ocrx_word' id='word_1_67' title='bbox 1170 1945 1321 2017; x_wconf 88' lang='lat' dir='ltr'>tertiam</span> <span class='ocrx_word' id='word_1_68' title='bbox 1349 1969 1449 2028; x_wconf 93' lang='lat' dir='ltr'>rem,</span> <span class='ocrx_word' id='word_1_69' title='bbox 1476 1969 1575 2041; x_wconf 91' lang='lat' dir='ltr'>quae</span> <span class='ocrx_word' id='word_1_70' title='bbox 1600 1944 1682 2016; x_wconf 91' lang='lat' dir='ltr'>sine</span> <span class='ocrx_word' id='word_1_71' title='bbox 1709 1944 1843 2040; x_wconf 87' lang='lat' dir='ltr'>inepta</span> <span class='ocrx_word' id='word_1_72' title='bbox 1858 1943 2058 2016; x_wconf 90' lang='lat' dir='ltr'>iteratione</span> 
     </span>
     <span class='ocr_line' id='line_1_9' title="bbox 559 2068 2059 2165; baseline 0.001 -25"><span class='ocrx_word' id='word_1_73' title='bbox 559 2069 707 2140; x_wconf 91' lang='lat' dir='ltr'>duabus</span> <span class='ocrx_word' id='word_1_74' title='bbox 732 2068 814 2141; x_wconf 87' lang='lat' dir='ltr'>aliis</span> <span class='ocrx_word' id='word_1_75' title='bbox 839 2069 1024 2141; x_wconf 87' lang='lat' dir='ltr'>adiciatur</span> <span class='ocrx_word' id='word_1_76' title='bbox 1049 2094 1200 2165; x_wconf 90' lang='lat' dir='ltr'>quaque</span> <span class='ocrx_word' id='word_1_77' title='bbox 1227 2069 1375 2141; x_wconf 90' lang='lat' dir='ltr'>adiecta</span> <span class='ocrx_word' id='word_1_78' title='bbox 1402 2068 1474 2141; x_wconf 93' lang='lat' dir='ltr'>iam</span> <span class='ocrx_word' id='word_1_79' title='bbox 1503 2093 1593 2140; x_wconf 91' lang='lat' dir='ltr'>uere</span> <span class='ocrx_word' id='word_1_80' title='bbox 1620 2084 1677 2140; x_wconf 94' lang='lat' dir='ltr'>tot</span> <span class='ocrx_word' id='word_1_81' title='bbox 1705 2084 1890 2165; x_wconf 90' lang='lat' dir='ltr'>tantaque</span> <span class='ocrx_word' id='word_1_82' title='bbox 1905 2069 2059 2164; x_wconf 85' lang='lat' dir='ltr'>negotia</span> 
     </span>
     <span class='ocr_line' id='line_1_10' title="bbox 483 2191 2058 2289; baseline -0.001 -24"><span class='ocrx_word' id='word_1_83' title='bbox 483 2231 489 2244; x_wconf 94' lang='lat'>·</span> <span class='ocrx_word' id='word_1_84' title='bbox 558 2211 921 2278; x_wconf 85' lang='lat' dir='ltr'>commemorentur,</span> <span class='ocrx_word' id='word_1_85' title='bbox 948 2218 1024 2265; x_wconf 91' lang='lat' dir='ltr'>non</span> <span class='ocrx_word' id='word_1_86' title='bbox 1050 2191 1156 2264; x_wconf 89' lang='lat' dir='ltr'>sacile</span> <span class='ocrx_word' id='word_1_87' title='bbox 1183 2192 1354 2265; x_wconf 90' lang='lat' dir='ltr'>inuenias</span> <span class='ocrx_word' id='word_1_88' title='bbox 1380 2193 1483 2289; x_wconf 91' lang='lat' dir='ltr'>quod</span> <span class='ocrx_word' id='word_1_89' title='bbox 1511 2193 1629 2289; x_wconf 85' lang='lat' dir='ltr'>magis</span> <span class='ocrx_word' id='word_1_90' title='bbox 1656 2218 1679 2265; x_wconf 94' lang='lat' dir='ltr'>a</span> <span class='ocrx_word' id='word_1_91' title='bbox 1704 2192 1896 2265; x_wconf 89' lang='lat' dir='ltr'>sententia</span> <span class='ocrx_word' id='word_1_92' title='bbox 1922 2193 1959 2264; x_wconf 94' lang='lat' dir='ltr'>in</span> <span class='ocrx_word' id='word_1_93' title='bbox 1979 2218 2058 2264; x_wconf 92' lang='lat' dir='ltr'>rem</span> 
     </span>
    </p>
   </div>
   <div class='ocr_carea' id='block_1_3' title="bbox 559 2316 2176 2415">
    <p class='ocr_par' dir='ltr' id='par_1_3' title="bbox 559 2316 2176 2415">
     <span class='ocr_line' id='line_1_11' title="bbox 559 2316 2176 2415; baseline 0 -27"><span class='ocrx_word' id='word_1_94' title='bbox 559 2316 670 2390; x_wconf 86' lang='lat' dir='ltr'>saciat</span> <span class='ocrx_word' id='word_1_95' title='bbox 709 2316 856 2389; x_wconf 89' lang='lat' dir='ltr'>Bentlci</span> <span class='ocrx_word' id='word_1_96' title='bbox 895 2318 1122 2390; x_wconf 89' lang='lat' dir='ltr'>coniectura.</span> <span class='ocrx_word' id='word_1_97' title='bbox 1162 2319 1232 2390; x_wconf 90' lang='lat' dir='ltr'>scd</span> <span class='ocrx_word' id='word_1_98' title='bbox 1267 2319 1331 2415; x_wconf 91' lang='lat' dir='ltr'>qui</span> <span class='ocrx_word' id='word_1_99' title='bbox 1371 2318 1481 2390; x_wconf 93' lang='lat' dir='ltr'>huius</span> <span class='ocrx_word' id='word_1_100' title='bbox 1520 2317 1685 2391; x_wconf 87' lang='lat' dir='ltr'>rationes</span> <span class='ocrx_word' id='word_1_101' title='bbox 1724 2343 1838 2414; x_wconf 90' lang='lat' dir='ltr'>quam</span> <span class='ocrx_word' id='word_1_102' title='bbox 1877 2317 2058 2390; x_wconf 88' lang='lat' dir='ltr'>acerrime</span> <span class='ocrx_word' id='word_1_103' title='bbox 2172 2375 2176 2388; x_wconf 87' lang='lat'><em>.</em></span> 
     </span>
    </p>
   </div>
   <div class='ocr_carea' id='block_1_4' title="bbox 558 2441 2058 2912">
    <p class='ocr_par' dir='ltr' id='par_1_4' title="bbox 558 2441 2058 2912">
     <span class='ocr_line' id='line_1_12' title="bbox 558 2441 2058 2539; baseline 0.002 -26"><span class='ocrx_word' id='word_1_104' title='bbox 558 2441 816 2515; x_wconf 90' lang='lat' dir='ltr'>defendendas</span> <span class='ocrx_word' id='word_1_105' title='bbox 843 2464 1000 2527; x_wconf 90' lang='lat' dir='ltr'>cense0,</span> <span class='ocrx_word' id='word_1_106' title='bbox 1028 2442 1128 2514; x_wconf 90' lang='lat' dir='ltr'>idem</span> <span class='ocrx_word' id='word_1_107' title='bbox 1156 2441 1267 2514; x_wconf 92' lang='lat' dir='ltr'>reicio</span> <span class='ocrx_word' id='word_1_108' title='bbox 1295 2443 1418 2539; x_wconf 91' lang='lat' dir='ltr'>ipsum</span> <span class='ocrx_word' id='word_1_109' title='bbox 1446 2442 1665 2515; x_wconf 90' lang='lat' dir='ltr'>remedium.</span> <span class='ocrx_word' id='word_1_110' title='bbox 1694 2468 1780 2515; x_wconf 90' lang='lat' dir='ltr'>nam</span> <span class='ocrx_word' id='word_1_111' title='bbox 1808 2458 1850 2514; x_wconf 93' lang='lat' dir='ltr'>ut</span> <span class='ocrx_word' id='word_1_112' title='bbox 1875 2443 1923 2515; x_wconf 90' lang='lat' dir='ltr'>de</span> <span class='ocrx_word' id='word_1_113' title='bbox 1949 2468 2058 2516; x_wconf 90' lang='lat' dir='ltr'>uoca-</span> 
     </span>
     <span class='ocr_line' id='line_1_13' title="bbox 558 2564 2058 2663; baseline 0.001 -26"><span class='ocrx_word' id='word_1_114' title='bbox 558 2564 647 2638; x_wconf 93' lang='lat' dir='ltr'>bulo</span> <span class='ocrx_word' id='word_1_115' title='bbox 683 2567 824 2638; x_wconf 81' lang='lat' dir='ltr'>moenio</span> <span class='ocrx_word' id='word_1_116' title='bbox 860 2583 1005 2638; x_wconf 89' lang='lat' dir='ltr'>taceam</span> <span class='ocrx_word' id='word_1_117' title='bbox 1042 2566 1125 2663; x_wconf 90' lang='lat' dir='ltr'>(suo</span> <span class='ocrx_word' id='word_1_118' title='bbox 1158 2566 1238 2638; x_wconf 91' lang='lat' dir='ltr'>iure</span> <span class='ocrx_word' id='word_1_119' title='bbox 1271 2593 1360 2638; x_wconf 91' lang='lat' dir='ltr'>num</span> <span class='ocrx_word' id='word_1_120' title='bbox 1389 2567 1537 2640; x_wconf 89' lang='lat' dir='ltr'>Horatii</span> <span class='ocrx_word' id='word_1_121' title='bbox 1563 2593 1660 2641; x_wconf 92' lang='lat' dir='ltr'>aeuo</span> <span class='ocrx_word' id='word_1_122' title='bbox 1686 2568 1739 2639; x_wconf 89' lang='lat' dir='ltr'>ita</span> <span class='ocrx_word' id='word_1_123' title='bbox 1764 2565 1957 2663; x_wconf 87' lang='lat' dir='ltr'>appellata</span> <span class='ocrx_word' id='word_1_124' title='bbox 1981 2568 2058 2639; x_wconf 90' lang='lat' dir='ltr'>sint</span> 
     </span>
     <span class='ocr_line' id='line_1_14' title="bbox 558 2688 2057 2787; baseline 0 -24"><span class='ocrx_word' id='word_1_125' title='bbox 558 2688 729 2763; x_wconf 90' lang='lat' dir='ltr'>aedificia</span> <span class='ocrx_word' id='word_1_126' title='bbox 755 2689 861 2762; x_wconf 93' lang='lat' dir='ltr'>multi</span> <span class='ocrx_word' id='word_1_127' title='bbox 888 2690 1149 2787; x_wconf 84' lang='lat' dir='ltr'>dubitauere):</span> <span class='ocrx_word' id='word_1_128' title='bbox 1176 2691 1361 2763; x_wconf 91' lang='lat' dir='ltr'>eiusmodi</span> <span class='ocrx_word' id='word_1_129' title='bbox 1388 2708 1448 2764; x_wconf 90' lang='lat' dir='ltr'>est</span> <span class='ocrx_word' id='word_1_130' title='bbox 1473 2709 1730 2765; x_wconf 92' lang='lat' dir='ltr'>commentum</span> <span class='ocrx_word' id='word_1_131' title='bbox 1757 2690 1847 2763; x_wconf 90' lang='lat' dir='ltr'>illud</span> <span class='ocrx_word' id='word_1_132' title='bbox 1870 2709 1912 2764; x_wconf 93' lang='lat' dir='ltr'>ut</span> <span class='ocrx_word' id='word_1_133' title='bbox 1925 2690 2057 2764; x_wconf 86' lang='lat' dir='ltr'>leniori</span> 
     </span>
     <span class='ocr_line' id='line_1_15' title="bbox 558 2814 1363 2912; baseline 0.001 -25"><span class='ocrx_word' id='word_1_134' title='bbox 558 2815 694 2887; x_wconf 88' lang='lat' dir='ltr'>cedere</span> <span class='ocrx_word' id='word_1_135' title='bbox 720 2815 869 2888; x_wconf 89' lang='lat' dir='ltr'>debeat.</span> <span class='ocrx_word' id='word_1_136' title='bbox 911 2814 1016 2912; x_wconf 87' lang='lat' dir='ltr'>legas</span> <span class='ocrx_word' id='word_1_137' title='bbox 1043 2815 1170 2911; x_wconf 92' lang='lat' dir='ltr'>potius</span> <span class='ocrx_word' id='word_1_138' title='bbox 1196 2840 1363 2888; x_wconf 90' lang='lat' dir='ltr'>mecum:</span> 
     </span>
    </p>
   </div>
   <div class='ocr_carea' id='block_1_5' title="bbox 961 2993 1653 3168">
    <p class='ocr_par' dir='ltr' id='par_1_5' title="bbox 961 2993 1653 3168">
     <span class='ocr_line' id='line_1_16' title="bbox 962 2993 1653 3066; baseline 0.001 -14"><span class='ocrx_word' id='word_1_139' title='bbox 962 2995 1023 3053; x_wconf 89' lang='lat' dir='ltr'>Res</span> <span class='ocrx_word' id='word_1_140' title='bbox 1043 2993 1131 3052; x_wconf 84' lang='lat' dir='ltr'>Italas</span> <span class='ocrx_word' id='word_1_141' title='bbox 1151 2993 1239 3052; x_wconf 83' lang='lat' dir='ltr'>armis</span> <span class='ocrx_word' id='word_1_142' title='bbox 1259 2994 1376 3060; x_wconf 79' lang='lat' dir='ltr'>tuteris.</span> <span class='ocrx_word' id='word_1_143' title='bbox 1398 2993 1531 3054; x_wconf 91' lang='lat' dir='ltr'>molibus</span> <span class='ocrx_word' id='word_1_144' title='bbox 1552 3013 1653 3066; x_wconf 89' lang='lat' dir='ltr'>ornes,</span> 
     </span>
     <span class='ocr_line' id='line_1_17' title="bbox 961 3091 1257 3168; baseline -0.003 -17"><span class='ocrx_word' id='word_1_145' title='bbox 961 3091 1089 3168; x_wconf 86' lang='lat' dir='ltr'>Legibus</span> <span class='ocrx_word' id='word_1_146' title='bbox 1110 3091 1257 3152; x_wconf 90' lang='lat' dir='ltr'>emendes.</span> 
     </span>
    </p>
   </div>
   <div class='ocr_carea' id='block_1_6' title="bbox 557 3251 2058 3727">
    <p class='ocr_par' dir='ltr' id='par_1_6' title="bbox 557 3251 2058 3727">
     <span class='ocr_line' id='line_1_18' title="bbox 559 3251 2057 3352; baseline 0.005 -30"><span class='ocrx_word' id='word_1_147' title='bbox 559 3265 690 3323; x_wconf 93' lang='lat' dir='ltr'>notum</span> <span class='ocrx_word' id='word_1_148' title='bbox 727 3267 786 3324; x_wconf 90' lang='lat' dir='ltr'>est</span> <span class='ocrx_word' id='word_1_149' title='bbox 821 3252 929 3324; x_wconf 75' lang='lat' dir='ltr'>moles</span> <span class='ocrx_word' id='word_1_150' title='bbox 963 3251 1177 3348; x_wconf 87' lang='lat' dir='ltr'>significare</span> <span class='ocrx_word' id='word_1_151' title='bbox 1210 3253 1381 3349; x_wconf 64' lang='lat' dir='ltr'>aedificta</span> <span class='ocrx_word' id='word_1_152' title='bbox 1418 3254 1623 3352; x_wconf 73' lang='lat' dir='ltr'>mogmfico</span> <span class='ocrx_word' id='word_1_153' title='bbox 1655 3256 1804 3351; x_wconf 78' lang='lat' dir='ltr'>altoque</span> <span class='ocrx_word' id='word_1_154' title='bbox 1843 3255 1901 3350; x_wconf 82' lang='lat' dir='ltr'>(cs.</span> <span class='ocrx_word' id='word_1_155' title='bbox 1938 3258 1998 3329; x_wconf 93' lang='lat' dir='ltr'>od.</span> <span class='ocrx_word' id='word_1_156' title='bbox 2026 3257 2057 3329; x_wconf 90' lang='lat' dir='ltr'>ll</span> 
     </span>
     <span class='ocr_line' id='line_1_19' title="bbox 564 3375 2057 3474; baseline 0.005 -28"><span class='ocrx_word' id='word_1_157' title='bbox 564 3395 625 3468; x_wconf 89' lang='lat'>15,</span> <span class='ocrx_word' id='word_1_158' title='bbox 656 3400 696 3460; x_wconf 89' lang='lat'>2;</span> <span class='ocrx_word' id='word_1_159' title='bbox 732 3375 780 3447; x_wconf 89' lang='lat'>111</span> <span class='ocrx_word' id='word_1_160' title='bbox 809 3400 874 3467; x_wconf 87' lang='lat'>29,</span> <span class='ocrx_word' id='word_1_161' title='bbox 907 3377 977 3474; x_wconf 87' lang='lat'>10).</span> <span class='ocrx_word' id='word_1_162' title='bbox 1018 3402 1117 3449; x_wconf 91' lang='lat' dir='ltr'>nunc</span> <span class='ocrx_word' id='word_1_163' title='bbox 1150 3392 1279 3450; x_wconf 90' lang='lat' dir='ltr'>autem</span> <span class='ocrx_word' id='word_1_164' title='bbox 1314 3377 1445 3450; x_wconf 89' lang='lat' dir='ltr'>uideas</span> <span class='ocrx_word' id='word_1_165' title='bbox 1481 3378 1570 3450; x_wconf 92' lang='lat' dir='ltr'>mihi</span> <span class='ocrx_word' id='word_1_166' title='bbox 1606 3377 1708 3451; x_wconf 88' lang='lat' dir='ltr'>locos</span> <span class='ocrx_word' id='word_1_167' title='bbox 1735 3379 1809 3453; x_wconf 89' lang='lat' dir='ltr'>iam</span> <span class='ocrx_word' id='word_1_168' title='bbox 1835 3405 1858 3452; x_wconf 92' lang='lat' dir='ltr'>a</span> <span class='ocrx_word' id='word_1_169' title='bbox 1885 3381 2057 3454; x_wconf 87' lang='lat' dir='ltr'>Bentleio</span> 
     </span>
     <span class='ocr_line' id='line_1_20' title="bbox 557 3498 2058 3600; baseline 0.005 -28"><span class='ocrx_word' id='word_1_170' title='bbox 557 3498 707 3572; x_wconf 91' lang='lat' dir='ltr'>adlatos</span> <span class='ocrx_word' id='word_1_171' title='bbox 745 3498 915 3573; x_wconf 88' lang='lat' dir='ltr'>Senecae</span> <span class='ocrx_word' id='word_1_172' title='bbox 955 3499 1114 3598; x_wconf 86' lang='lat' dir='ltr'>(apocol.</span> <span class='ocrx_word' id='word_1_173' title='bbox 1155 3527 1184 3573; x_wconf 93' lang='lat' dir='ltr'>c.</span> <span class='ocrx_word' id='word_1_174' title='bbox 1230 3503 1309 3597; x_wconf 81' lang='lat' dir='ltr'>ro),</span> <span class='ocrx_word' id='word_1_175' title='bbox 1350 3503 1413 3575; x_wconf 93' lang='lat' dir='ltr'>ubi</span> <span class='ocrx_word' id='word_1_176' title='bbox 1453 3503 1655 3600; x_wconf 87' lang='lat' dir='ltr'>Augustus</span> <span class='ocrx_word' id='word_1_177' title='bbox 1692 3505 1770 3577; x_wconf 79' lang='lat' dir='ltr'>ideo</span> <span class='ocrx_word' id='word_1_178' title='bbox 1808 3505 1935 3579; x_wconf 71' lang='lat' dir='ltr'>cr&#39;uilao</span> <span class='ocrx_word' id='word_1_179' title='bbox 1967 3507 2058 3579; x_wconf 80' lang='lat' dir='ltr'>bello</span> 
     </span>
     <span class='ocr_line' id='line_1_21' title="bbox 557 3624 2058 3727; baseline 0.005 -31"><span class='ocrx_word' id='word_1_180' title='bbox 557 3624 778 3720; x_wconf 77' lang='lat' dir='ltr'>compescui,</span> <span class='ocrx_word' id='word_1_181' title='bbox 806 3625 947 3722; x_wconf 91' lang='lat' dir='ltr'>inquit,</span> <span class='ocrx_word' id='word_1_182' title='bbox 973 3627 1052 3698; x_wconf 81' lang='lat' dir='ltr'>ideo</span> <span class='ocrx_word' id='word_1_183' title='bbox 1076 3626 1217 3724; x_wconf 74' lang='lat' dir='ltr'>legibus</span> <span class='ocrx_word' id='word_1_184' title='bbox 1244 3627 1372 3698; x_wconf 78' lang='lat' dir='ltr'>urbem</span> <span class='ocrx_word' id='word_1_185' title='bbox 1389 3625 1584 3727; x_wconf 80' lang='lat' dir='ltr'>fundouz&#39;,</span> <span class='ocrx_word' id='word_1_186' title='bbox 1618 3630 1789 3724; x_wconf 80' lang='lat' dir='ltr'>operibus</span> <span class='ocrx_word' id='word_1_187' title='bbox 1813 3632 1991 3716; x_wconf 40' lang='lat' dir='ltr'>ornatui&amp;</span> <span class='ocrx_word' id='word_1_188' title='bbox 2019 3649 2058 3704; x_wconf 90' lang='lat' dir='ltr'>et</span> 
     </span>
    </p>
   </div>
   <div class='ocr_carea' id='block_1_7' title="bbox 558 3748 2140 4596">
    <p class='ocr_par' dir='ltr' id='par_1_7' title="bbox 558 3748 2140 4596">
     <span class='ocr_line' id='line_1_22' title="bbox 561 3748 2056 3852; baseline 0.005 -32"><span class='ocrx_word' id='word_1_189' title='bbox 561 3748 685 3821; x_wconf 85' lang='lat' dir='ltr'>Pacati</span> <span class='ocrx_word' id='word_1_190' title='bbox 715 3749 760 3845; x_wconf 81' lang='lat' dir='ltr'>(c.</span> <span class='ocrx_word' id='word_1_191' title='bbox 794 3749 874 3847; x_wconf 89' lang='lat'>11),</span> <span class='ocrx_word' id='word_1_192' title='bbox 903 3750 966 3822; x_wconf 92' lang='lat' dir='ltr'>ubi</span> <span class='ocrx_word' id='word_1_193' title='bbox 993 3751 1116 3823; x_wconf 90' lang='lat' dir='ltr'>Roma</span> <span class='ocrx_word' id='word_1_194' title='bbox 1141 3750 1232 3823; x_wconf 91' lang='lat' dir='ltr'>dicit</span> <span class='ocrx_word' id='word_1_195' title='bbox 1256 3777 1340 3822; x_wconf 87' lang='lat' dir='ltr'>cum</span> <span class='ocrx_word' id='word_1_196' title='bbox 1367 3777 1423 3823; x_wconf 73' lang='lat' dir='ltr'>ma</span> <span class='ocrx_word' id='word_1_197' title='bbox 1449 3752 1634 3825; x_wconf 82' lang='lat' dir='ltr'>moenibus</span> <span class='ocrx_word' id='word_1_198' title='bbox 1656 3754 1861 3852; x_wconf 75' lang='lat' dir='ltr'>Augustus</span> <span class='ocrx_word' id='word_1_199' title='bbox 1882 3767 2056 3828; x_wconf 77' lang='lat' dir='ltr'>ornaret:</span> 
     </span>
     <span class='ocr_line' id='line_1_23' title="bbox 559 3873 2056 3972; baseline 0.005 -28"><span class='ocrx_word' id='word_1_200' title='bbox 559 3897 686 3944; x_wconf 91' lang='lat' dir='ltr'>nonne</span> <span class='ocrx_word' id='word_1_201' title='bbox 712 3899 759 3944; x_wconf 88' lang='lat' dir='ltr'>ex</span> <span class='ocrx_word' id='word_1_202' title='bbox 787 3873 845 3946; x_wconf 93' lang='lat' dir='ltr'>his</span> <span class='ocrx_word' id='word_1_203' title='bbox 860 3873 1134 3947; x_wconf 88' lang='lat' dir='ltr'>imitationibus</span> <span class='ocrx_word' id='word_1_204' title='bbox 1147 3876 1291 3971; x_wconf 91' lang='lat' dir='ltr'>apertis</span> <span class='ocrx_word' id='word_1_205' title='bbox 1306 3876 1583 3949; x_wconf 87' lang='lat' dir='ltr'>emendationis</span> <span class='ocrx_word' id='word_1_206' title='bbox 1598 3877 1855 3972; x_wconf 83' lang='lat' dir='ltr'>probabilitati</span> <span class='ocrx_word' id='word_1_207' title='bbox 1869 3906 2056 3952; x_wconf 93' lang='lat' dir='ltr'>summum</span> 
     </span>
     <span class='ocr_line' id='line_1_24' title="bbox 558 3997 2057 4100; baseline 0.005 -32"><span class='ocrx_word' id='word_1_208' title='bbox 558 3997 738 4070; x_wconf 88' lang='lat' dir='ltr'>accedere</span> <span class='ocrx_word' id='word_1_209' title='bbox 775 3999 925 4094; x_wconf 93' lang='lat' dir='ltr'>pondus</span> <span class='ocrx_word' id='word_1_210' title='bbox 951 3997 1153 4095; x_wconf 85' lang='lat' dir='ltr'>agnoscis?</span> <span class='ocrx_word' id='word_1_211' title='bbox 1185 4024 1254 4071; x_wconf 91' lang='lat' dir='ltr'>suo</span> <span class='ocrx_word' id='word_1_212' title='bbox 1281 4000 1441 4096; x_wconf 92' lang='lat' dir='ltr'>quisque</span> <span class='ocrx_word' id='word_1_213' title='bbox 1467 4000 1616 4074; x_wconf 90' lang='lat' dir='ltr'>dicendi</span> <span class='ocrx_word' id='word_1_214' title='bbox 1643 4003 1756 4074; x_wconf 92' lang='lat' dir='ltr'>modo</span> <span class='ocrx_word' id='word_1_215' title='bbox 1783 4004 1839 4075; x_wconf 93' lang='lat' dir='ltr'>usi</span> <span class='ocrx_word' id='word_1_216' title='bbox 1867 4005 2057 4100; x_wconf 90' lang='lat' dir='ltr'>poeticum</span> 
     </span>
     <span class='ocr_line' id='line_1_25' title="bbox 561 4118 2058 4202; baseline 0.007 -10"><span class='ocrx_word' id='word_1_217' title='bbox 561 4118 652 4194; x_wconf 92' lang='lat' dir='ltr'>illud</span> <span class='ocrx_word' id='word_1_218' title='bbox 693 4121 846 4194; x_wconf 83' lang='lat' dir='ltr'>molibus</span> <span class='ocrx_word' id='word_1_219' title='bbox 884 4124 1059 4195; x_wconf 91' lang='lat' dir='ltr'>reddunt.</span> <span class='ocrx_word' id='word_1_220' title='bbox 1110 4123 1317 4196; x_wconf 89' lang='lat' dir='ltr'>Suetonius</span> <span class='ocrx_word' id='word_1_221' title='bbox 1355 4140 1483 4197; x_wconf 90' lang='lat' dir='ltr'>autem</span> <span class='ocrx_word' id='word_1_222' title='bbox 1524 4151 1612 4197; x_wconf 92' lang='lat' dir='ltr'>num</span> <span class='ocrx_word' id='word_1_223' title='bbox 1653 4127 1690 4198; x_wconf 93' lang='lat' dir='ltr'>in</span> <span class='ocrx_word' id='word_1_224' title='bbox 1729 4127 1809 4200; x_wconf 89' lang='lat' dir='ltr'>uita</span> <span class='ocrx_word' id='word_1_225' title='bbox 1848 4127 2058 4202; x_wconf 90' lang='lat' dir='ltr'>Horatiana</span> 
     </span>
     <span class='ocr_line' id='line_1_26' title="bbox 561 4246 2058 4345; baseline 0.006 -28"><span class='ocrx_word' id='word_1_226' title='bbox 561 4246 613 4342; x_wconf 81' lang='lat' dir='ltr'>(p.</span> <span class='ocrx_word' id='word_1_227' title='bbox 647 4268 687 4338; x_wconf 89' lang='lat'>17</span> <span class='ocrx_word' id='word_1_228' title='bbox 716 4246 842 4344; x_wconf 82' lang='lat' dir='ltr'>Reiff.)</span> <span class='ocrx_word' id='word_1_229' title='bbox 872 4247 1036 4320; x_wconf 79' lang='lat' dir='ltr'>moribus</span> <span class='ocrx_word' id='word_1_230' title='bbox 1062 4247 1261 4333; x_wconf 85' lang='lat' dir='ltr'>exhibeat,</span> <span class='ocrx_word' id='word_1_231' title='bbox 1289 4273 1472 4345; x_wconf 90' lang='lat' dir='ltr'>perquam</span> <span class='ocrx_word' id='word_1_232' title='bbox 1497 4269 1556 4323; x_wconf 91' lang='lat' dir='ltr'>est</span> <span class='ocrx_word' id='word_1_233' title='bbox 1582 4251 1748 4324; x_wconf 92' lang='lat' dir='ltr'>dubium.</span> <span class='ocrx_word' id='word_1_234' title='bbox 1789 4251 1932 4325; x_wconf 89' lang='lat' dir='ltr'>habent</span> <span class='ocrx_word' id='word_1_235' title='bbox 1958 4254 2058 4326; x_wconf 92' lang='lat' dir='ltr'>enim</span> 
     </span>
     <span class='ocr_line' id='line_1_27' title="bbox 560 4368 2140 4472; baseline 0.003 -31"><span class='ocrx_word' id='word_1_236' title='bbox 560 4370 661 4443; x_wconf 92' lang='lat' dir='ltr'>uitae</span> <span class='ocrx_word' id='word_1_237' title='bbox 701 4368 797 4443; x_wconf 90' lang='lat' dir='ltr'>illius</span> <span class='ocrx_word' id='word_1_238' title='bbox 835 4371 924 4444; x_wconf 93' lang='lat' dir='ltr'>boni</span> <span class='ocrx_word' id='word_1_239' title='bbox 962 4372 1110 4444; x_wconf 91' lang='lat' dir='ltr'>codices</span> <span class='ocrx_word' id='word_1_240' title='bbox 1150 4372 1273 4445; x_wconf 63' lang='lat' dir='ltr'>tulelzb</span> <span class='ocrx_word' id='word_1_241' title='bbox 1313 4373 1496 4458; x_wconf 81' lang='lat' dir='ltr'>moribus,</span> <span class='ocrx_word' id='word_1_242' title='bbox 1541 4377 1643 4472; x_wconf 92' lang='lat' dir='ltr'>quod</span> <span class='ocrx_word' id='word_1_243' title='bbox 1682 4374 1892 4449; x_wconf 87' lang='lat' dir='ltr'>litterarum</span> <span class='ocrx_word' id='word_1_244' title='bbox 1927 4379 1945 4450; x_wconf 96' lang='lat' dir='ltr'><em>l</em></span> <span class='ocrx_word' id='word_1_245' title='bbox 1971 4395 2058 4451; x_wconf 87' lang='lat' dir='ltr'>etr</span> <span class='ocrx_word' id='word_1_246' title='bbox 2138 4441 2140 4446; x_wconf 79' lang='grc'>,</span> 
     </span>
     <span class='ocr_line' id='line_1_28' title="bbox 560 4495 1633 4596; baseline 0.004 -29"><span class='ocrx_word' id='word_1_247' title='bbox 560 4495 761 4568; x_wconf 89' lang='lat' dir='ltr'>metathesi</span> <span class='ocrx_word' id='word_1_248' title='bbox 788 4521 835 4568; x_wconf 92' lang='lat' dir='ltr'>ex</span> <span class='ocrx_word' id='word_1_249' title='bbox 862 4497 996 4568; x_wconf 76' lang='lat' dir='ltr'>lutaris</span> <span class='ocrx_word' id='word_1_250' title='bbox 1021 4496 1175 4569; x_wconf 79' lang='lat' dir='ltr'>molibus</span> <span class='ocrx_word' id='word_1_251' title='bbox 1201 4512 1325 4569; x_wconf 91' lang='lat' dir='ltr'>ortum</span> <span class='ocrx_word' id='word_1_252' title='bbox 1353 4523 1437 4570; x_wconf 90' lang='lat' dir='ltr'>csse</span> <span class='ocrx_word' id='word_1_253' title='bbox 1463 4516 1633 4596; x_wconf 90' lang='lat' dir='ltr'>apparet.</span> 
     </span>
    </p>
   </div>
   <div class='ocr_carea' id='block_1_8' title="bbox 559 4805 2059 4992">
    <p class='ocr_par' dir='ltr' id='par_1_8' title="bbox 559 4805 2059 4992">
     <span class='ocr_line' id='line_1_29' title="bbox 624 4805 2058 4894; baseline 0.008 -30"><span class='ocrx_word' id='word_1_254' title='bbox 624 4807 646 4884; x_wconf 83' lang='lat'>¹)</span> <span class='ocrx_word' id='word_1_255' title='bbox 667 4805 739 4865; x_wconf 89' lang='lat' dir='ltr'>nihil</span> <span class='ocrx_word' id='word_1_256' title='bbox 759 4806 838 4866; x_wconf 88' lang='lat' dir='ltr'>enim</span> <span class='ocrx_word' id='word_1_257' title='bbox 859 4828 877 4866; x_wconf 84' lang='lat' dir='ltr'>a</span> <span class='ocrx_word' id='word_1_258' title='bbox 897 4827 981 4867; x_wconf 88' lang='lat' dir='ltr'>sensu</span> <span class='ocrx_word' id='word_1_259' title='bbox 1003 4809 1141 4869; x_wconf 82' lang='lat' dir='ltr'>differunt</span> <span class='ocrx_word' id='word_1_260' title='bbox 1161 4811 1295 4870; x_wconf 82' lang='lat' dir='ltr'>moribus</span> <span class='ocrx_word' id='word_1_261' title='bbox 1316 4831 1404 4871; x_wconf 80' lang='lat' dir='ltr'>ornes</span> <span class='ocrx_word' id='word_1_262' title='bbox 1425 4811 1469 4890; x_wconf 84' lang='lat' dir='ltr'>(ut</span> <span class='ocrx_word' id='word_1_263' title='bbox 1486 4815 1640 4889; x_wconf 89' lang='lat' dir='ltr'>quomodo</span> <span class='ocrx_word' id='word_1_264' title='bbox 1652 4816 1741 4892; x_wconf 88' lang='lat' dir='ltr'>nulgo</span> <span class='ocrx_word' id='word_1_265' title='bbox 1752 4816 1856 4874; x_wconf 83' lang='lat' dir='ltr'>uolunt</span> <span class='ocrx_word' id='word_1_266' title='bbox 1866 4815 2058 4894; x_wconf 83' lang='lat' dir='ltr'>accipiamus)</span> 
     </span>
     <span class='ocr_line' id='line_1_30' title="bbox 559 4905 2059 4992; baseline 0.007 -30"><span class='ocrx_word' id='word_1_267' title='bbox 559 4912 589 4963; x_wconf 90' lang='lat' dir='ltr'>et</span> <span class='ocrx_word' id='word_1_268' title='bbox 610 4905 726 4978; x_wconf 76' lang='lat' dir='ltr'>legibus</span> <span class='ocrx_word' id='word_1_269' title='bbox 746 4907 896 4978; x_wconf 83' lang='lat' dir='ltr'>emendes,</span> <span class='ocrx_word' id='word_1_270' title='bbox 921 4906 1032 4983; x_wconf 87' lang='lat' dir='ltr'>quippe</span> <span class='ocrx_word' id='word_1_271' title='bbox 1054 4927 1129 4984; x_wconf 84' lang='lat' dir='ltr'>quae</span> <span class='ocrx_word' id='word_1_272' title='bbox 1149 4907 1188 4967; x_wconf 89' lang='lat' dir='ltr'>ad</span> <span class='ocrx_word' id='word_1_273' title='bbox 1208 4927 1299 4968; x_wconf 89' lang='lat' dir='ltr'>unam</span> <span class='ocrx_word' id='word_1_274' title='bbox 1320 4928 1436 4969; x_wconf 90' lang='lat' dir='ltr'>morum</span> <span class='ocrx_word' id='word_1_275' title='bbox 1459 4911 1665 4971; x_wconf 89' lang='lat' dir='ltr'>Romanorum</span> <span class='ocrx_word' id='word_1_276' title='bbox 1687 4913 1925 4973; x_wconf 85' lang='lat' dir='ltr'>emendationem</span> <span class='ocrx_word' id='word_1_277' title='bbox 1947 4914 2059 4992; x_wconf 85' lang='lat' dir='ltr'>legibus</span> 
     </span>
    </p>
   </div>
   <div class='ocr_carea' id='block_1_9' title="bbox 559 5002 2059 5184">
    <p class='ocr_par' dir='ltr' id='par_1_9' title="bbox 559 5002 2059 5184">
     <span class='ocr_line' id='line_1_31' title="bbox 559 5002 2059 5084; baseline 0.009 -25"><span class='ocrx_word' id='word_1_278' title='bbox 559 5002 598 5061; x_wconf 89' lang='lat' dir='ltr'>ab</span> <span class='ocrx_word' id='word_1_279' title='bbox 625 5003 759 5079; x_wconf 85' lang='lat' dir='ltr'>Augusto</span> <span class='ocrx_word' id='word_1_280' title='bbox 788 5003 852 5062; x_wconf 84' lang='lat' dir='ltr'>latis</span> <span class='ocrx_word' id='word_1_281' title='bbox 879 5003 1064 5064; x_wconf 86' lang='lat' dir='ltr'>efficiendam</span> <span class='ocrx_word' id='word_1_282' title='bbox 1092 5017 1241 5081; x_wconf 89' lang='lat' dir='ltr'>specteut;</span> <span class='ocrx_word' id='word_1_283' title='bbox 1274 5026 1370 5083; x_wconf 89' lang='lat' dir='ltr'>neque</span> <span class='ocrx_word' id='word_1_284' title='bbox 1398 5007 1560 5084; x_wconf 91' lang='lat' dir='ltr'>quidquam</span> <span class='ocrx_word' id='word_1_285' title='bbox 1590 5011 1689 5070; x_wconf 88' lang='lat' dir='ltr'>ualent</span> <span class='ocrx_word' id='word_1_286' title='bbox 1715 5010 1884 5070; x_wconf 88' lang='lat' dir='ltr'>discrimina</span> <span class='ocrx_word' id='word_1_287' title='bbox 1903 5011 2059 5072; x_wconf 88' lang='lat' dir='ltr'>artificiose</span> 
     </span>
     <span class='ocr_line' id='line_1_32' title="bbox 559 5099 1304 5184; baseline 0.008 -28"><span class='ocrx_word' id='word_1_288' title='bbox 559 5101 636 5157; x_wconf 80' lang='lat' dir='ltr'>iacta</span> <span class='ocrx_word' id='word_1_289' title='bbox 658 5101 705 5178; x_wconf 78' lang='lat' dir='ltr'>(ct.</span> <span class='ocrx_word' id='word_1_290' title='bbox 729 5099 881 5160; x_wconf 89' lang='lat' dir='ltr'>Riedelius</span> <span class='ocrx_word' id='word_1_291' title='bbox 901 5102 1106 5162; x_wconf 86' lang='lat' dir='ltr'>commentarii</span> <span class='ocrx_word' id='word_1_292' title='bbox 1127 5123 1155 5179; x_wconf 90' lang='lat' dir='ltr'>p.</span> <span class='ocrx_word' id='word_1_293' title='bbox 1179 5123 1216 5180; x_wconf 86' lang='lat'>43</span> <span class='ocrx_word' id='word_1_294' title='bbox 1238 5103 1304 5184; x_wconf 74' lang='lat' dir='ltr'>sq).</span> 
     </span>
    </p>
   </div>
   <div class='ocr_carea' id='block_1_10' title="bbox 0 0 2624 7396">
    <p class='ocr_par' dir='ltr' id='par_1_10' title="bbox 0 0 2624 7396">
     <span class='ocr_line' id='line_1_33' title="bbox 0 0 2624 7396; baseline 0 0"><span class='ocrx_word' id='word_1_295' title='bbox 0 0 2624 7396; x_wconf 95' lang='lat' dir='ltr'> </span> 
     </span>
    </p>
   </div>
  </div>
 </body>
</html>
