5240 7396
1282 939 1329 1012 22

557 1142 652 1224 haec,
680 1142 898 1240 iunguntur.
935 1143 1005 1216 sed
1030 1141 1149 1216 eludit
1174 1158 1291 1238 atque
1317 1139 1456 1214 euertit
1481 1137 1709 1212 defendendi
1735 1135 1935 1211 conamina
1961 1134 2053 1208 illud

557 1276 591 1339 lc
616 1267 801 1363 procclbw
832 1268 938 1340 crede
973 1267 1093 1340 ueloci.
1131 1264 1400 1341 absurdissime
1425 1263 1568 1361 quippe
1593 1288 1639 1336 ac
1665 1263 1777 1360 plane
1803 1259 1998 1360 pueriliter
2023 1260 2054 1334 is

557 1391 623 1490 qui
648 1391 696 1464 de
721 1417 813 1466 saxo
838 1418 881 1466 se
906 1392 1131 1489 praecipitat
1157 1387 1344 1488 procellae
1369 1415 1411 1462 se
1437 1389 1591 1462 credere
1617 1388 1792 1486 fingitur,
1820 1402 1862 1459 ut
1886 1384 2054 1459 etanim-

472 1553 474 1560 ·
557 1515 723 1589 aduertit
748 1531 852 1591 recto
878 1517 1014 1591 iudicio
1040 1531 1080 1590 et
1093 1514 1281 1612 copiosius
1304 1513 1473 1588 ostendit
1488 1511 1781 1610 Peerlkampius.
1809 1512 1938 1608 itaque
1951 1510 2054 1608 quod

558 1641 721 1737 scriptor
752 1643 851 1715 bene
884 1666 999 1715 sanus
1033 1640 1228 1738 scripsisse
1264 1639 1419 1712 omnino
1445 1637 1598 1735 nequit,
1630 1654 1722 1733 apte
1747 1660 1943 1710 remouere
1969 1660 2054 1708 con-

559 1766 680 1838 decet.
707 1766 795 1838 uide
820 1790 868 1838 an
895 1766 963 1839 tibi
991 1765 1139 1862 placere
1166 1763 1287 1860 possit
1312 1763 1383 1836 hoc
1410 1786 1535 1835 meum
1561 1778 1837 1835 commentum:

1058 1990 1113 2048 age
1133 1979 1163 2031 te
1183 1970 1311 2046 procelle
1331 1970 1424 2029 corde
1445 1967 1551 2029 ueloci.

560 2184 665 2258 cuius
699 2184 873 2258 dictionis
906 2209 944 2256 se
970 2184 1173 2280 procelkre
1209 2183 1280 2256 etsi
1318 2207 1432 2255 unum
1467 2181 1590 2256 habeo
1625 2178 1892 2277 proferendum
1918 2197 2056 2254 testem

561 2302 736 2383 Plautum
764 2306 907 2407 (militis
933 2307 1086 2406 gloriosi
1113 2335 1147 2381 u.
1178 2313 1245 2400 762
1275 2308 1358 2405 R.),
1395 2323 1523 2379 tamen
1550 2303 1794 2392 uocabulum,
1829 2331 1905 2403 quo
1930 2305 2056 2402 aptius

561 2431 771 2532 meliusque
806 2432 898 2531 fingi
933 2433 1065 2531 nequit
1100 2433 1279 2530 quodque
1314 2430 1426 2529 plane
1462 2429 1565 2505 nulla
1590 2430 1800 2504 mutatione
1825 2431 2056 2518 restituitur,

561 2559 611 2632 ob
637 2556 737 2631 illam
764 2583 914 2632 causam
940 2558 1111 2631 damnari
1138 2582 1214 2631 non
1240 2557 1374 2642 debet,
1401 2557 1517 2629 immo
1535 2555 1719 2654 exemplis
1732 2555 2057 2630 adnumerandum

562 2697 622 2755 est
646 2707 670 2754 a
695 2682 1005 2780 Zangemeistero
1031 2680 1197 2755 collectis
1222 2681 1539 2779 disceptatisque,
1566 2680 1703 2778 quibus
1729 2679 1930 2752 Horatium
1957 2680 2057 2753 haud

563 2832 683 2906 pauca
722 2807 840 2880 uerba
877 2832 954 2880 non
992 2806 1138 2902 uulgari
1178 2833 1247 2880 usu
1285 2806 1376 2879 trita
1411 2805 1599 2902 recepisse
1633 2820 1673 2877 et
1707 2803 1785 2877 lere
1810 2802 1932 2877 solum
1959 2829 2058 2879 nunc

563 2932 746 3030 praebere
793 2931 976 3005 uidemus.
1035 2932 1143 3004 corde
1187 2948 1315 3005 autern
1362 2929 1476 3003 ueloci
1518 2929 1586 3027 (sic
1622 2939 1777 3002 mntem
1811 2945 1851 3002 et
1886 2930 2057 3003 am'mum

562 3067 716 3154 quoque
751 3055 913 3130 Romani
947 3055 1125 3129 dicebant
1160 3055 1328 3152 uelocem)
1365 3053 1538 3152 apprime
1570 3054 1608 3126 in
1635 3079 1714 3126 rem
1739 3052 1846 3127 facit:
1874 3079 1961 3128 nam
1988 3054 2059 3128 hoc

563 3180 644 3278 agit
681 3195 722 3252 et
758 3180 797 3252 in
831 3180 903 3253 hoc
937 3180 1133 3254 suadendo
1168 3196 1272 3253 totus
1305 3194 1365 3252 est
1396 3194 1506 3275 pater
1532 3194 1575 3250 ut
1600 3177 1722 3251 missis
1748 3177 1862 3251 moris
1887 3178 2060 3253 celeriter

563 3320 655 3379 nata
680 3305 793 3378 corde
818 3320 994 3401 capessat
1019 3302 1214 3377 consilium
1240 3303 1434 3377 moriendi.

639 3429 767 3514 Finita
791 3428 969 3526 Europae
995 3428 1166 3502 oratione
1192 3453 1240 3502 en
1265 3428 1406 3502 adsunt
1419 3428 1552 3502 Venus
1571 3427 1801 3502 concitatum
1815 3427 1912 3504 illius
1926 3447 2058 3529 pectus

565 3553 745 3651 mitigans
779 3569 819 3627 et
855 3553 1006 3650 Cupido
1040 3553 1155 3626 missa
1187 3552 1329 3650 sagitta
1362 3553 1462 3626 idem
1497 3552 1616 3626 amori
1651 3550 1856 3627 emolliens.
1886 3553 2059 3629 friuolum

566 3693 627 3751 est
651 3703 736 3751 cum
764 3676 1026 3777 Peerlkampio
1052 3703 1254 3776 quaerere,
1281 3679 1435 3776 quando
1459 3676 1659 3751 aduenerit
1685 3677 1829 3775 Cypria
1841 3705 1926 3753 cum
1941 3705 2059 3777 puero

564 3827 653 3877 suo:
692 3803 826 3877 adesse
863 3829 948 3878 eam
983 3802 1131 3902 puellae
1165 3804 1316 3879 iamiam
1352 3830 1505 3877 manum
1541 3803 1612 3876 sibi
1638 3803 1884 3901 impositurae
1909 3806 2058 3880 sufficit.

563 3944 767 4002 uenturum
792 3944 920 4003 autem
943 3945 1153 4003 amatorem
1179 3930 1357 4003 nuntians
1381 3930 1455 4002 dea
1484 3929 1608 4026 inquit
1639 3928 1754 4003 haece
1774 3929 1851 4028 (uu.
1877 3933 2058 4029 73—76):

1025 4133 1110 4193 Uxor
1129 4131 1233 4193 inuicti
1256 4131 1337 4193 Iouis
1358 4151 1419 4194 erse
1439 4132 1548 4194 nescis!

1024 4229 1112 4290 Mitte
1131 4229 1274 4308 singultus
1280 4251 1289 4305 ;
1310 4231 1386 4291 bene
1406 4231 1479 4291 serre
1499 4249 1636 4310 magnam

1024 4327 1114 4390 Disce
1134 4329 1298 4389 somonam:
1319 4338 1371 4388 tua
1391 4339 1486 4390 sectus
1507 4327 1589 4390 orbis

1188 4425 1319 4487 Nomina
1338 4427 1437 4486 ducet.

567 4637 605 4710 in
634 4636 692 4711 his
718 4637 854 4711 iterum
880 4655 1007 4713 cetera
1031 4639 1185 4736 quidem
1211 4663 1235 4712 a
1259 4638 1366 4712 uanis
1380 4638 1656 4736 suspicionibus
1670 4655 1771 4712 recte
1784 4656 1874 4713 sunt
1886 4639 2060 4728 defensa,

566 4763 635 4835 sed
671 4762 787 4836 uerba
822 4761 953 4836 ultima
988 4762 1194 4836 sustentari
1220 4779 1426 4861 nequeunt.
1454 4787 1541 4836 nam
1566 4773 1683 4836 sectus
1706 4762 1806 4836 orbis
1832 4788 1908 4837 non
1934 4781 2062 4861 potest

568 4911 653 4960 esse
678 4885 773 4960 alius
798 4911 912 4985 quam
938 4901 1042 4960 totus
1067 4887 1168 4960 orbis
1195 4887 1233 4959 in
1260 4903 1388 4983 partes
1414 4887 1580 4974 diuisus,
1608 4913 1683 4961 non
1709 4905 1769 4960 est
1791 4913 1928 4962 unaex
1942 4889 2062 4964 tribus

569 5011 749 5108 partibus.
789 5011 933 5109 quippe
966 5011 1188 5085 Schuetzius
1222 5010 1380 5109 aliique,
1418 5012 1482 5109 qui
1507 5028 1652 5086 sectum
1678 5013 1809 5086 orbern
1835 5012 2062 5112 intellegunt

568 5135 775 5209 sectionem
812 5136 894 5209 siue
933 5152 1080 5234 partem
1116 5135 1236 5222 orbis,
1275 5134 1549 5210 obliuiscuntur
1583 5136 1782 5234 participio
1817 5136 1879 5211 illo
1911 5163 2064 5234 semper

568 5259 770 5357 significari
808 5276 936 5335 actum
974 5259 1047 5347 rei,
1087 5285 1162 5333 non
1201 5260 1240 5333 id
1278 5260 1381 5358 quod
1419 5261 1507 5334 inde
1545 5261 1707 5334 efficitur
1746 5262 1854 5356 (noto
1887 5260 2062 5359 exemplo

570 5383 693 5458 Taciti
718 5409 805 5458 ann.
834 5386 848 5457 1
874 5387 897 5457 8
922 5385 1059 5460 occisus
1088 5386 1240 5472 Caesar,
1266 5385 1288 5458 i.
1309 5411 1341 5458 e.
1369 5385 1406 5458 id
1432 5385 1534 5483 quod
1560 5386 1704 5460 Caesar
1729 5386 2061 5472 interfectuserat,

571 5508 654 5605 ipsa
678 5508 872 5582 occidendi
897 5509 1046 5583 actione
1073 5510 1237 5608 notata);
1265 5510 1365 5582 unde
1389 5519 1507 5583 sectus
1532 5511 1632 5584 orbis
1658 5511 1710 5584 ita
1735 5527 1793 5584 est
1818 5509 1936 5583 sectio
1961 5510 2063 5584 orbis

572 5648 614 5704 ut
647 5632 800 5706 secandi
834 5659 931 5730 opus
968 5635 1199 5731 designetur.
1241 5634 1314 5707 iam
1351 5634 1493 5706 nudum
1528 5634 1752 5709 uocabulum
1784 5634 1884 5708 orbis
1908 5635 1998 5732 quia
2023 5649 2063 5708 et

572 5771 695 5829 totum
733 5772 773 5831 et
808 5757 925 5832 totius
958 5774 1105 5855 partem
1139 5757 1337 5854 exprimit,
1375 5769 1493 5831 seclus
1527 5760 1684 5832 uerbum
1717 5758 1853 5832 cedere
1886 5759 2003 5834 debet
2027 5759 2063 5833 ei

572 5905 649 5977 quo
675 5897 805 5955 noster
828 5882 930 5955 orbis
954 5907 979 5956 a
1003 5882 1151 5955 duobus
1177 5881 1330 5978 reliquis
1356 5881 1451 5956 Asia
1476 5882 1681 5982 Africaque
1705 5899 1940 5980 segregetur.
1968 5900 2062 5981 puto
