<?xml version="1.0" encoding="UTF-8"?>
<!DOCTYPE html PUBLIC "-//W3C//DTD XHTML 1.0 Transitional//EN"
    "http://www.w3.org/TR/xhtml1/DTD/xhtml1-transitional.dtd">
<html xmlns="http://www.w3.org/1999/xhtml" xml:lang="en" lang="en">
 <head>
  <title>
</title>
<meta http-equiv="Content-Type" content="text/html;charset=utf-8" />
  <meta name='ocr-system' content='tesseract 3.04.00' />
  <meta name='ocr-capabilities' content='ocr_page ocr_carea ocr_par ocr_line ocrx_word'/>
</head>
<body>
  <div class='ocr_page' id='page_1' title='image "./lectioneshorati00bhgoog_0027.png"; bbox 0 0 5240 7396; ppageno 0'>
   <div class='ocr_carea' id='block_1_1' title="bbox 1287 977 1338 1050">
    <p class='ocr_par' dir='ltr' id='par_1_1' title="bbox 1287 977 1338 1050">
     <span class='ocr_line' id='line_1_1' title="bbox 1287 977 1338 1050; baseline 0 0"><span class='ocrx_word' id='word_1_1' title='bbox 1287 977 1338 1050; x_wconf 82' lang='lat'>20</span> 
     </span>
    </p>
   </div>
   <div class='ocr_carea' id='block_1_2' title="bbox 567 1175 2061 2148">
    <p class='ocr_par' dir='ltr' id='par_1_2' title="bbox 567 1175 2061 2148">
     <span class='ocr_line' id='line_1_2' title="bbox 569 1175 2059 1278; baseline -0.003 -26"><span class='ocrx_word' id='word_1_2' title='bbox 569 1179 680 1266; x_wconf 90' lang='lat' dir='ltr'>uitia,</span> <span class='ocrx_word' id='word_1_3' title='bbox 712 1195 811 1277; x_wconf 92' lang='lat' dir='ltr'>puta</span> <span class='ocrx_word' id='word_1_4' title='bbox 831 1179 1066 1277; x_wconf 88' lang='lat' dir='ltr'><strong>impietatem</strong></span> <span class='ocrx_word' id='word_1_5' title='bbox 1094 1179 1145 1278; x_wconf 83' lang='lat' dir='ltr'>(u.</span> <span class='ocrx_word' id='word_1_6' title='bbox 1174 1179 1235 1278; x_wconf 83' lang='lat'>35)</span> <span class='ocrx_word' id='word_1_7' title='bbox 1263 1195 1303 1252; x_wconf 94' lang='lat' dir='ltr'>et</span> <span class='ocrx_word' id='word_1_8' title='bbox 1328 1178 1524 1252; x_wconf 90' lang='lat' dir='ltr'>leuitatem</span> <span class='ocrx_word' id='word_1_9' title='bbox 1552 1179 1601 1275; x_wconf 80' lang='lat' dir='ltr'>(u.</span> <span class='ocrx_word' id='word_1_10' title='bbox 1632 1175 1692 1276; x_wconf 82' lang='lat'>37)</span> <span class='ocrx_word' id='word_1_11' title='bbox 1720 1189 1760 1249; x_wconf 92' lang='lat' dir='ltr'>et</span> <span class='ocrx_word' id='word_1_12' title='bbox 1786 1175 2059 1272; x_wconf 90' lang='lat' dir='ltr'>impudentiam</span> 
     </span>
     <span class='ocr_line' id='line_1_3' title="bbox 570 1298 2061 1402; baseline -0.002 -26"><span class='ocrx_word' id='word_1_13' title='bbox 570 1303 621 1402; x_wconf 85' lang='lat' dir='ltr'>(u.</span> <span class='ocrx_word' id='word_1_14' title='bbox 647 1303 710 1402; x_wconf 82' lang='lat'>49)</span> <span class='ocrx_word' id='word_1_15' title='bbox 751 1303 983 1402; x_wconf 86' lang='lat' dir='ltr'>perstringit.</span> <span class='ocrx_word' id='word_1_16' title='bbox 1023 1329 1252 1402; x_wconf 90' lang='lat' dir='ltr'>quamquam</span> <span class='ocrx_word' id='word_1_17' title='bbox 1286 1319 1346 1377; x_wconf 89' lang='lat' dir='ltr'>est</span> <span class='ocrx_word' id='word_1_18' title='bbox 1380 1304 1663 1377; x_wconf 91' lang='lat' dir='ltr'>concedendum</span> <span class='ocrx_word' id='word_1_19' title='bbox 1690 1299 1971 1397; x_wconf 86' lang='lat' dir='ltr'>Peerlkampio‚</span> <span class='ocrx_word' id='word_1_20' title='bbox 1998 1298 2061 1373; x_wconf 90' lang='lat' dir='ltr'>illa</span> 
     </span>
     <span class='ocr_line' id='line_1_4' title="bbox 567 1423 2060 1526; baseline -0.003 -26"><span class='ocrx_word' id='word_1_21' title='bbox 567 1428 617 1501; x_wconf 93' lang='lat' dir='ltr'>de</span> <span class='ocrx_word' id='word_1_22' title='bbox 642 1443 753 1525; x_wconf 91' lang='lat' dir='ltr'>porta</span> <span class='ocrx_word' id='word_1_23' title='bbox 778 1429 946 1502; x_wconf 92' lang='lat' dir='ltr'>eburnea</span> <span class='ocrx_word' id='word_1_24' title='bbox 971 1427 1157 1502; x_wconf 82' lang='lat' dir='ltr'>rhetorice</span> <span class='ocrx_word' id='word_1_25' title='bbox 1182 1427 1496 1526; x_wconf 74' lang='lat' dir='ltr'>dicta&#39;fnimisque</span> <span class='ocrx_word' id='word_1_26' title='bbox 1522 1426 1694 1525; x_wconf 90' lang='lat' dir='ltr'>quaesita</span> <span class='ocrx_word' id='word_1_27' title='bbox 1720 1450 1795 1498; x_wconf 91' lang='lat' dir='ltr'>non</span> <span class='ocrx_word' id='word_1_28' title='bbox 1810 1425 1910 1498; x_wconf 92' lang='lat' dir='ltr'>bene</span> <span class='ocrx_word' id='word_1_29' title='bbox 1921 1423 2060 1522; x_wconf 88' lang='lat' dir='ltr'>uirgini</span> 
     </span>
     <span class='ocr_line' id='line_1_5' title="bbox 567 1548 2060 1627; baseline -0.001 -3"><span class='ocrx_word' id='word_1_30' title='bbox 567 1551 735 1625; x_wconf 90' lang='lat' dir='ltr'>dementi</span> <span class='ocrx_word' id='word_1_31' title='bbox 768 1552 919 1627; x_wconf 86' lang='lat' dir='ltr'><strong>dedisse</strong></span> <span class='ocrx_word' id='word_1_32' title='bbox 952 1552 1173 1627; x_wconf 86' lang='lat' dir='ltr'>Horatium:</span> <span class='ocrx_word' id='word_1_33' title='bbox 1218 1550 1308 1626; x_wconf 90' lang='lat' dir='ltr'>talia</span> <span class='ocrx_word' id='word_1_34' title='bbox 1332 1552 1433 1625; x_wconf 92' lang='lat' dir='ltr'>enim</span> <span class='ocrx_word' id='word_1_35' title='bbox 1459 1576 1644 1625; x_wconf 90' lang='lat' dir='ltr'>exornare</span> <span class='ocrx_word' id='word_1_36' title='bbox 1670 1550 1872 1624; x_wconf 92' lang='lat' dir='ltr'>uerborum</span> <span class='ocrx_word' id='word_1_37' title='bbox 1899 1548 2060 1622; x_wconf 88' lang='lat' dir='ltr'>flosculis</span> 
     </span>
     <span class='ocr_line' id='line_1_6' title="bbox 568 1672 2058 1775; baseline -0.003 -26"><span class='ocrx_word' id='word_1_38' title='bbox 568 1692 627 1749; x_wconf 90' lang='lat' dir='ltr'>est</span> <span class='ocrx_word' id='word_1_39' title='bbox 661 1677 784 1773; x_wconf 90' lang='lat' dir='ltr'>pacati</span> <span class='ocrx_word' id='word_1_40' title='bbox 820 1676 1088 1775; x_wconf 87' lang='lat' dir='ltr'>tranquillique</span> <span class='ocrx_word' id='word_1_41' title='bbox 1121 1677 1247 1750; x_wconf 91' lang='lat' dir='ltr'>animi.</span> <span class='ocrx_word' id='word_1_42' title='bbox 1288 1677 1359 1750; x_wconf 92' lang='lat' dir='ltr'>hoc</span> <span class='ocrx_word' id='word_1_43' title='bbox 1393 1692 1434 1748; x_wconf 90' lang='lat' dir='ltr'>ut</span> <span class='ocrx_word' id='word_1_44' title='bbox 1466 1692 1604 1772; x_wconf 90' lang='lat' dir='ltr'>poetae</span> <span class='ocrx_word' id='word_1_45' title='bbox 1629 1674 1796 1748; x_wconf 91' lang='lat' dir='ltr'>dandum</span> <span class='ocrx_word' id='word_1_46' title='bbox 1822 1689 1881 1746; x_wconf 88' lang='lat' dir='ltr'>est</span> <span class='ocrx_word' id='word_1_47' title='bbox 1906 1672 2058 1770; x_wconf 88' lang='lat' dir='ltr'>culpae,</span> 
     </span>
     <span class='ocr_line' id='line_1_7' title="bbox 568 1798 2060 1899; baseline -0.001 -27"><span class='ocrx_word' id='word_1_48' title='bbox 568 1799 621 1873; x_wconf 91' lang='lat' dir='ltr'>ita</span> <span class='ocrx_word' id='word_1_49' title='bbox 655 1800 692 1873; x_wconf 92' lang='lat' dir='ltr'>in</span> <span class='ocrx_word' id='word_1_50' title='bbox 728 1800 880 1899; x_wconf 91' lang='lat' dir='ltr'>reliquis</span> <span class='ocrx_word' id='word_1_51' title='bbox 911 1802 945 1875; x_wconf 95' lang='lat' dir='ltr'>ei</span> <span class='ocrx_word' id='word_1_52' title='bbox 971 1801 1172 1875; x_wconf 89' lang='lat' dir='ltr'>eximenda</span> <span class='ocrx_word' id='word_1_53' title='bbox 1198 1799 1343 1875; x_wconf 90' lang='lat' dir='ltr'>macula</span> <span class='ocrx_word' id='word_1_54' title='bbox 1367 1824 1391 1872; x_wconf 95' lang='lat' dir='ltr'>a</span> <span class='ocrx_word' id='word_1_55' title='bbox 1416 1799 1576 1872; x_wconf 91' lang='lat' dir='ltr'>librariis</span> <span class='ocrx_word' id='word_1_56' title='bbox 1601 1798 1791 1895; x_wconf 89' lang='lat' dir='ltr'>adspersa.</span> <span class='ocrx_word' id='word_1_57' title='bbox 1832 1822 1919 1871; x_wconf 89' lang='lat' dir='ltr'>nam</span> <span class='ocrx_word' id='word_1_58' title='bbox 1945 1821 2060 1895; x_wconf 89' lang='lat' dir='ltr'>quam</span> 
     </span>
     <span class='ocr_line' id='line_1_8' title="bbox 568 1919 2060 2025; baseline -0.001 -29"><span class='ocrx_word' id='word_1_59' title='bbox 568 1940 670 1998; x_wconf 91' lang='lat' dir='ltr'>recte</span> <span class='ocrx_word' id='word_1_60' title='bbox 703 1951 745 1998; x_wconf 87' lang='lat' dir='ltr'>se</span> <span class='ocrx_word' id='word_1_61' title='bbox 778 1926 894 1999; x_wconf 92' lang='lat' dir='ltr'>habet</span> <span class='ocrx_word' id='word_1_62' title='bbox 927 1926 1141 2025; x_wconf 69' lang='lat' dir='ltr'>mgihrmne</span> <span class='ocrx_word' id='word_1_63' title='bbox 1167 1926 1279 2022; x_wconf 78' lang='lat' dir='ltr'>ploro</span> <span class='ocrx_word' id='word_1_64' title='bbox 1310 1951 1363 1997; x_wconf 88' lang='lat' dir='ltr'>an</span> <span class='ocrx_word' id='word_1_65' title='bbox 1388 1949 1445 1996; x_wconf 82' lang='lat' dir='ltr'>me</span> <span class='ocrx_word' id='word_1_66' title='bbox 1468 1922 1566 1996; x_wconf 80' lang='lat' dir='ltr'>ludit</span> <span class='ocrx_word' id='word_1_67' title='bbox 1586 1923 1741 2022; x_wconf 74' lang='lat' dir='ltr'>imago?</span> <span class='ocrx_word' id='word_1_68' title='bbox 1781 1919 1939 2020; x_wconf 85' lang='lat' dir='ltr'>(quippe</span> <span class='ocrx_word' id='word_1_69' title='bbox 1964 1923 2060 1995; x_wconf 91' lang='lat' dir='ltr'>adeo</span> 
     </span>
     <span class='ocr_line' id='line_1_9' title="bbox 567 2046 2059 2148; baseline 0 -29"><span class='ocrx_word' id='word_1_70' title='bbox 567 2047 729 2123; x_wconf 89' lang='lat' dir='ltr'>inmanis</span> <span class='ocrx_word' id='word_1_71' title='bbox 763 2075 823 2123; x_wconf 92' lang='lat' dir='ltr'>res</span> <span class='ocrx_word' id='word_1_72' title='bbox 852 2067 932 2136; x_wconf 89' lang='lat' dir='ltr'>est,</span> <span class='ocrx_word' id='word_1_73' title='bbox 969 2066 1011 2122; x_wconf 95' lang='lat' dir='ltr'>ut</span> <span class='ocrx_word' id='word_1_74' title='bbox 1036 2074 1134 2148; x_wconf 89' lang='lat' dir='ltr'>quae</span> <span class='ocrx_word' id='word_1_75' title='bbox 1160 2048 1248 2123; x_wconf 88' lang='lat' dir='ltr'>fecit</span> <span class='ocrx_word' id='word_1_76' title='bbox 1272 2048 1404 2121; x_wconf 88' lang='lat' dir='ltr'>secisse</span> <span class='ocrx_word' id='word_1_77' title='bbox 1430 2073 1472 2121; x_wconf 91' lang='lat' dir='ltr'>se</span> <span class='ocrx_word' id='word_1_78' title='bbox 1497 2063 1663 2145; x_wconf 88' lang='lat' dir='ltr'>nequeat</span> <span class='ocrx_word' id='word_1_79' title='bbox 1688 2046 1842 2120; x_wconf 89' lang='lat' dir='ltr'>credere</span> <span class='ocrx_word' id='word_1_80' title='bbox 1867 2046 2059 2145; x_wconf 85' lang='lat' dir='ltr'>Europa),</span> 
     </span>
    </p>
   </div>
   <div class='ocr_carea' id='block_1_3' title="bbox 567 2169 2189 2273">
    <p class='ocr_par' dir='ltr' id='par_1_3' title="bbox 567 2169 2189 2273">
     <span class='ocr_line' id='line_1_10' title="bbox 567 2169 2189 2273; baseline -0.002 -27"><span class='ocrx_word' id='word_1_81' title='bbox 567 2188 645 2246; x_wconf 91' lang='lat' dir='ltr'>tam</span> <span class='ocrx_word' id='word_1_82' title='bbox 684 2199 803 2270; x_wconf 90' lang='lat' dir='ltr'>praua</span> <span class='ocrx_word' id='word_1_83' title='bbox 837 2191 953 2273; x_wconf 88' lang='lat' dir='ltr'>atque</span> <span class='ocrx_word' id='word_1_84' title='bbox 992 2175 1199 2270; x_wconf 89' lang='lat' dir='ltr'>incongrua</span> <span class='ocrx_word' id='word_1_85' title='bbox 1236 2188 1295 2246; x_wconf 89' lang='lat' dir='ltr'>est</span> <span class='ocrx_word' id='word_1_86' title='bbox 1329 2173 1422 2246; x_wconf 89' lang='lat' dir='ltr'>haec</span> <span class='ocrx_word' id='word_1_87' title='bbox 1449 2171 1696 2268; x_wconf 88' lang='lat' dir='ltr'>interrogatio</span> <span class='ocrx_word' id='word_1_88' title='bbox 1721 2171 1898 2245; x_wconf 71' lang='lat' dir='ltr'>nulium</span> <span class='ocrx_word' id='word_1_89' title='bbox 1912 2169 2060 2268; x_wconf 81' lang='lat' dir='ltr'>fluctus</span> <span class='ocrx_word' id='word_1_90' title='bbox 2186 2263 2189 2268; x_wconf 21' lang='grc' dir='ltr'>Ι</span> 
     </span>
    </p>
   </div>
   <div class='ocr_carea' id='block_1_4' title="bbox 566 2293 2065 3639">
    <p class='ocr_par' dir='ltr' id='par_1_4' title="bbox 566 2293 2065 3639">
     <span class='ocr_line' id='line_1_11' title="bbox 566 2293 2060 2400; baseline 0 -31"><span class='ocrx_word' id='word_1_91' title='bbox 566 2297 625 2370; x_wconf 82' lang='lat' dir='ltr'>ire</span> <span class='ocrx_word' id='word_1_92' title='bbox 648 2308 725 2394; x_wconf 75' lang='lat' dir='ltr'>per</span> <span class='ocrx_word' id='word_1_93' title='bbox 758 2299 886 2398; x_wconf 78' lang='lat' dir='ltr'>longos</span> <span class='ocrx_word' id='word_1_94' title='bbox 910 2297 1000 2400; x_wconf 81' lang='lat' dir='ltr'>fuit</span> <span class='ocrx_word' id='word_1_95' title='bbox 1029 2325 1082 2371; x_wconf 85' lang='lat' dir='ltr'>an</span> <span class='ocrx_word' id='word_1_96' title='bbox 1114 2307 1273 2370; x_wconf 74' lang='lat' dir='ltr'>recentes</span> <span class='ocrx_word' id='word_1_97' title='bbox 1305 2307 1459 2393; x_wconf 78' lang='lat' dir='ltr'>carpere</span> <span class='ocrx_word' id='word_1_98' title='bbox 1481 2293 1635 2392; x_wconf 73' lang='lat' dir='ltr'>stores?</span> <span class='ocrx_word' id='word_1_99' title='bbox 1672 2296 1741 2369; x_wconf 90' lang='lat' dir='ltr'>hac</span> <span class='ocrx_word' id='word_1_100' title='bbox 1775 2295 1919 2393; x_wconf 88' lang='lat' dir='ltr'>quippe</span> <span class='ocrx_word' id='word_1_101' title='bbox 1944 2296 1993 2368; x_wconf 91' lang='lat' dir='ltr'>de</span> <span class='ocrx_word' id='word_1_102' title='bbox 2019 2320 2060 2369; x_wconf 92' lang='lat' dir='ltr'>re</span> 
     </span>
     <span class='ocr_line' id='line_1_12' title="bbox 567 2419 2060 2518; baseline 0.001 -25"><span class='ocrx_word' id='word_1_103' title='bbox 567 2422 755 2496; x_wconf 84' lang='lat' dir='ltr'>dubitatio</span> <span class='ocrx_word' id='word_1_104' title='bbox 781 2421 882 2497; x_wconf 91' lang='lat' dir='ltr'>nulla</span> <span class='ocrx_word' id='word_1_105' title='bbox 907 2423 977 2497; x_wconf 84' lang='lat' dir='ltr'>luit</span> <span class='ocrx_word' id='word_1_106' title='bbox 1002 2448 1071 2496; x_wconf 92' lang='lat' dir='ltr'>nec</span> <span class='ocrx_word' id='word_1_107' title='bbox 1097 2447 1180 2495; x_wconf 92' lang='lat' dir='ltr'>esse</span> <span class='ocrx_word' id='word_1_108' title='bbox 1206 2421 1350 2518; x_wconf 89' lang='lat' dir='ltr'>potuit:</span> <span class='ocrx_word' id='word_1_109' title='bbox 1390 2420 1479 2518; x_wconf 92' lang='lat' dir='ltr'>quia</span> <span class='ocrx_word' id='word_1_110' title='bbox 1505 2445 1608 2495; x_wconf 89' lang='lat' dir='ltr'>mare</span> <span class='ocrx_word' id='word_1_111' title='bbox 1635 2419 1809 2507; x_wconf 87' lang='lat' dir='ltr'>intrauit,</span> <span class='ocrx_word' id='word_1_112' title='bbox 1836 2421 1922 2494; x_wconf 91' lang='lat' dir='ltr'>ideo</span> <span class='ocrx_word' id='word_1_113' title='bbox 1947 2445 2060 2494; x_wconf 93' lang='lat' dir='ltr'>omne</span> 
     </span>
     <span class='ocr_line' id='line_1_13' title="bbox 566 2543 2060 2645; baseline 0 -27"><span class='ocrx_word' id='word_1_114' title='bbox 566 2544 638 2618; x_wconf 92' lang='lat' dir='ltr'>sibi</span> <span class='ocrx_word' id='word_1_115' title='bbox 665 2546 803 2619; x_wconf 91' lang='lat' dir='ltr'>malum</span> <span class='ocrx_word' id='word_1_116' title='bbox 829 2547 1033 2645; x_wconf 85' lang='lat' dir='ltr'>contigisse</span> <span class='ocrx_word' id='word_1_117' title='bbox 1059 2546 1157 2620; x_wconf 92' lang='lat' dir='ltr'>bene</span> <span class='ocrx_word' id='word_1_118' title='bbox 1182 2545 1253 2618; x_wconf 91' lang='lat' dir='ltr'>scit</span> <span class='ocrx_word' id='word_1_119' title='bbox 1278 2561 1318 2618; x_wconf 90' lang='lat' dir='ltr'>et</span> <span class='ocrx_word' id='word_1_120' title='bbox 1343 2546 1392 2617; x_wconf 97' lang='lat' dir='ltr'>ob</span> <span class='ocrx_word' id='word_1_121' title='bbox 1419 2544 1456 2617; x_wconf 95' lang='lat' dir='ltr'>id</span> <span class='ocrx_word' id='word_1_122' title='bbox 1482 2569 1524 2618; x_wconf 93' lang='lat' dir='ltr'>se</span> <span class='ocrx_word' id='word_1_123' title='bbox 1550 2543 1721 2641; x_wconf 88' lang='lat' dir='ltr'>increpat</span> <span class='ocrx_word' id='word_1_124' title='bbox 1746 2544 1999 2643; x_wconf 88' lang='lat' dir='ltr'>obiurgatque</span> <span class='ocrx_word' id='word_1_125' title='bbox 2021 2560 2060 2618; x_wconf 92' lang='lat' dir='ltr'>et</span> 
     </span>
     <span class='ocr_line' id='line_1_14' title="bbox 567 2668 2059 2771; baseline -0.002 -27"><span class='ocrx_word' id='word_1_126' title='bbox 567 2687 657 2744; x_wconf 90' lang='lat' dir='ltr'>ante</span> <span class='ocrx_word' id='word_1_127' title='bbox 693 2672 770 2768; x_wconf 82' lang='lat' dir='ltr'>(uu.</span> <span class='ocrx_word' id='word_1_128' title='bbox 806 2673 965 2771; x_wconf 85' lang='lat'>34-37)</span> <span class='ocrx_word' id='word_1_129' title='bbox 1002 2687 1041 2744; x_wconf 89' lang='lat' dir='ltr'>et</span> <span class='ocrx_word' id='word_1_130' title='bbox 1077 2686 1220 2768; x_wconf 89' lang='lat' dir='ltr'>postea.</span> <span class='ocrx_word' id='word_1_131' title='bbox 1259 2669 1534 2743; x_wconf 89' lang='lat' dir='ltr'>attendendum</span> <span class='ocrx_word' id='word_1_132' title='bbox 1559 2685 1688 2743; x_wconf 90' lang='lat' dir='ltr'>autem</span> <span class='ocrx_word' id='word_1_133' title='bbox 1713 2669 1762 2742; x_wconf 91' lang='lat' dir='ltr'>ad</span> <span class='ocrx_word' id='word_1_134' title='bbox 1787 2668 2059 2766; x_wconf 87' lang='lat' dir='ltr'>cogitationum</span> 
     </span>
     <span class='ocr_line' id='line_1_15' title="bbox 568 2792 2059 2893; baseline 0 -26"><span class='ocrx_word' id='word_1_135' title='bbox 568 2794 667 2867; x_wconf 93' lang='lat' dir='ltr'>inter</span> <span class='ocrx_word' id='word_1_136' title='bbox 699 2821 741 2868; x_wconf 91' lang='lat' dir='ltr'>se</span> <span class='ocrx_word' id='word_1_137' title='bbox 777 2820 926 2869; x_wconf 90' lang='lat' dir='ltr'>nexum.</span> <span class='ocrx_word' id='word_1_138' title='bbox 966 2794 1178 2893; x_wconf 89' lang='lat' dir='ltr'>quaestioni</span> <span class='ocrx_word' id='word_1_139' title='bbox 1214 2792 1264 2867; x_wconf 94' lang='lat' dir='ltr'>illi</span> <span class='ocrx_word' id='word_1_140' title='bbox 1290 2794 1455 2893; x_wconf 68' lang='lat' dir='ltr'>argilem</span> <span class='ocrx_word' id='word_1_141' title='bbox 1479 2820 1532 2866; x_wconf 84' lang='lat' dir='ltr'>an</span> <span class='ocrx_word' id='word_1_142' title='bbox 1555 2794 1726 2866; x_wconf 74' lang='lat' dir='ltr'>somnio?</span> <span class='ocrx_word' id='word_1_143' title='bbox 1762 2794 1940 2893; x_wconf 92' lang='lat' dir='ltr'>quoniam</span> <span class='ocrx_word' id='word_1_144' title='bbox 1967 2793 2059 2868; x_wconf 90' lang='lat' dir='ltr'>haec</span> 
     </span>
     <span class='ocr_line' id='line_1_16' title="bbox 568 2917 2065 3018; baseline 0.001 -27"><span class='ocrx_word' id='word_1_145' title='bbox 568 2943 644 2992; x_wconf 92' lang='lat' dir='ltr'>una</span> <span class='ocrx_word' id='word_1_146' title='bbox 669 2936 728 2993; x_wconf 88' lang='lat' dir='ltr'>est</span> <span class='ocrx_word' id='word_1_147' title='bbox 754 2919 1064 3017; x_wconf 79' lang='lat' dir='ltr'>responsiorum</span> <span class='ocrx_word' id='word_1_148' title='bbox 1092 2917 1210 3018; x_wconf 74' lang='lat' dir='ltr'>(eheu)</span> <span class='ocrx_word' id='word_1_149' title='bbox 1239 2919 1376 3017; x_wconf 69' lang='lat' dir='ltr'>aegila,</span> <span class='ocrx_word' id='word_1_150' title='bbox 1413 2918 1487 2992; x_wconf 90' lang='lat' dir='ltr'>iam</span> <span class='ocrx_word' id='word_1_151' title='bbox 1512 2942 1748 3016; x_wconf 91' lang='lat' dir='ltr'>consequens</span> <span class='ocrx_word' id='word_1_152' title='bbox 1774 2934 1833 2990; x_wconf 92' lang='lat' dir='ltr'>est</span> <span class='ocrx_word' id='word_1_153' title='bbox 1859 2918 1971 2991; x_wconf 91' lang='lat' dir='ltr'>hoce:</span> <span class='ocrx_word' id='word_1_154' title='bbox 1997 2919 2065 2992; x_wconf 80' lang='lat' dir='ltr'>sed</span> 
     </span>
     <span class='ocr_line' id='line_1_17' title="bbox 566 3042 2059 3143; baseline 0 -26"><span class='ocrx_word' id='word_1_155' title='bbox 566 3069 639 3141; x_wconf 84' lang='lat' dir='ltr'>quo</span> <span class='ocrx_word' id='word_1_156' title='bbox 672 3045 820 3117; x_wconf 76' lang='lat' dir='ltr'>tandm</span> <span class='ocrx_word' id='word_1_157' title='bbox 854 3044 957 3117; x_wconf 83' lang='lat' dir='ltr'>modo</span> <span class='ocrx_word' id='word_1_158' title='bbox 982 3045 1037 3117; x_wconf 82' lang='lat' dir='ltr'>ita</span> <span class='ocrx_word' id='word_1_159' title='bbox 1060 3069 1173 3143; x_wconf 79' lang='lat' dir='ltr'>agere</span> <span class='ocrx_word' id='word_1_160' title='bbox 1193 3044 1332 3140; x_wconf 76' lang='lat' dir='ltr'>potui?</span> <span class='ocrx_word' id='word_1_161' title='bbox 1369 3043 1513 3141; x_wconf 88' lang='lat' dir='ltr'>quippe</span> <span class='ocrx_word' id='word_1_162' title='bbox 1538 3042 1723 3117; x_wconf 89' lang='lat' dir='ltr'>rationem</span> <span class='ocrx_word' id='word_1_163' title='bbox 1748 3042 1820 3115; x_wconf 94' lang='lat' dir='ltr'>sibi</span> <span class='ocrx_word' id='word_1_164' title='bbox 1844 3043 2059 3117; x_wconf 91' lang='lat' dir='ltr'>dementiae</span> 
     </span>
     <span class='ocr_line' id='line_1_18' title="bbox 566 3167 2059 3265; baseline 0 -25"><span class='ocrx_word' id='word_1_165' title='bbox 566 3193 659 3242; x_wconf 89' lang='lat' dir='ltr'>suae</span> <span class='ocrx_word' id='word_1_166' title='bbox 688 3168 848 3242; x_wconf 90' lang='lat' dir='ltr'>reddere</span> <span class='ocrx_word' id='word_1_167' title='bbox 873 3169 1029 3241; x_wconf 89' lang='lat' dir='ltr'>student</span> <span class='ocrx_word' id='word_1_168' title='bbox 1055 3167 1180 3241; x_wconf 91' lang='lat' dir='ltr'>miseri</span> <span class='ocrx_word' id='word_1_169' title='bbox 1207 3184 1351 3241; x_wconf 92' lang='lat' dir='ltr'>rectum</span> <span class='ocrx_word' id='word_1_170' title='bbox 1377 3192 1613 3265; x_wconf 91' lang='lat' dir='ltr'>prauumque</span> <span class='ocrx_word' id='word_1_171' title='bbox 1639 3167 1738 3240; x_wconf 91' lang='lat' dir='ltr'>inter</span> <span class='ocrx_word' id='word_1_172' title='bbox 1762 3192 1804 3239; x_wconf 92' lang='lat' dir='ltr'>se</span> <span class='ocrx_word' id='word_1_173' title='bbox 1829 3168 2059 3265; x_wconf 92' lang='lat' dir='ltr'>opponendo</span> 
     </span>
     <span class='ocr_line' id='line_1_19' title="bbox 567 3290 2058 3390; baseline 0.001 -25"><span class='ocrx_word' id='word_1_174' title='bbox 567 3316 653 3366; x_wconf 90' lang='lat' dir='ltr'>cum</span> <span class='ocrx_word' id='word_1_175' title='bbox 678 3317 826 3366; x_wconf 92' lang='lat' dir='ltr'>summa</span> <span class='ocrx_word' id='word_1_176' title='bbox 849 3292 1076 3366; x_wconf 88' lang='lat' dir='ltr'>acerbitate:</span> <span class='ocrx_word' id='word_1_177' title='bbox 1104 3317 1195 3366; x_wconf 90' lang='lat' dir='ltr'>num</span> <span class='ocrx_word' id='word_1_178' title='bbox 1222 3318 1381 3389; x_wconf 90' lang='lat' dir='ltr'>prauum</span> <span class='ocrx_word' id='word_1_179' title='bbox 1407 3292 1493 3365; x_wconf 89' lang='lat' dir='ltr'>ideo</span> <span class='ocrx_word' id='word_1_180' title='bbox 1518 3291 1587 3365; x_wconf 84' lang='lat' dir='ltr'>leci</span> <span class='ocrx_word' id='word_1_181' title='bbox 1602 3291 1691 3389; x_wconf 90' lang='lat' dir='ltr'>quia</span> <span class='ocrx_word' id='word_1_182' title='bbox 1703 3290 1837 3364; x_wconf 93' lang='lat' dir='ltr'>melius</span> <span class='ocrx_word' id='word_1_183' title='bbox 1849 3308 1932 3365; x_wconf 88' lang='lat' dir='ltr'>erat</span> <span class='ocrx_word' id='word_1_184' title='bbox 1945 3317 2058 3390; x_wconf 88' lang='lat' dir='ltr'>quam</span> 
     </span>
     <span class='ocr_line' id='line_1_20' title="bbox 567 3415 2059 3515; baseline 0.001 -26"><span class='ocrx_word' id='word_1_185' title='bbox 567 3417 740 3491; x_wconf 89' lang='lat' dir='ltr'>rectum?</span> <span class='ocrx_word' id='word_1_186' title='bbox 780 3417 834 3490; x_wconf 88' lang='lat' dir='ltr'>ita</span> <span class='ocrx_word' id='word_1_187' title='bbox 858 3416 948 3514; x_wconf 91' lang='lat' dir='ltr'>quia</span> <span class='ocrx_word' id='word_1_188' title='bbox 972 3416 1140 3515; x_wconf 88' lang='lat' dir='ltr'>cogitare</span> <span class='ocrx_word' id='word_1_189' title='bbox 1165 3415 1263 3490; x_wconf 88' lang='lat' dir='ltr'>solet</span> <span class='ocrx_word' id='word_1_190' title='bbox 1287 3416 1436 3489; x_wconf 92' lang='lat' dir='ltr'>animus</span> <span class='ocrx_word' id='word_1_191' title='bbox 1461 3415 1649 3489; x_wconf 89' lang='lat' dir='ltr'>humanus</span> <span class='ocrx_word' id='word_1_192' title='bbox 1674 3415 1888 3490; x_wconf 85' lang='lat' dir='ltr'>calamitate</span> <span class='ocrx_word' id='word_1_193' title='bbox 1914 3433 2059 3513; x_wconf 88' lang='lat' dir='ltr'>pertur-</span> 
     </span>
     <span class='ocr_line' id='line_1_21' title="bbox 567 3538 1417 3639; baseline -0.002 -25"><span class='ocrx_word' id='word_1_194' title='bbox 567 3541 698 3628; x_wconf 91' lang='lat' dir='ltr'>batus,</span> <span class='ocrx_word' id='word_1_195' title='bbox 725 3540 880 3636; x_wconf 92' lang='lat' dir='ltr'>Europa</span> <span class='ocrx_word' id='word_1_196' title='bbox 904 3538 1006 3639; x_wconf 94' lang='lat' dir='ltr'>loqui</span> <span class='ocrx_word' id='word_1_197' title='bbox 1033 3541 1164 3615; x_wconf 93' lang='lat' dir='ltr'>debuit</span> <span class='ocrx_word' id='word_1_198' title='bbox 1190 3541 1260 3615; x_wconf 94' lang='lat' dir='ltr'>hoc</span> <span class='ocrx_word' id='word_1_199' title='bbox 1285 3541 1417 3614; x_wconf 92' lang='lat' dir='ltr'>modo:</span> 
     </span>
    </p>
   </div>
   <div class='ocr_carea' id='block_1_5' title="bbox 925 3735 1671 3812">
    <p class='ocr_par' dir='ltr' id='par_1_5' title="bbox 925 3735 1671 3812">
     <span class='ocr_line' id='line_1_22' title="bbox 925 3735 1671 3812; baseline -0.003 -14"><span class='ocrx_word' id='word_1_200' title='bbox 925 3735 1127 3798; x_wconf 84' lang='lat' dir='ltr'>meliusne...</span> <span class='ocrx_word' id='word_1_201' title='bbox 1148 3735 1203 3796; x_wconf 85' lang='lat' dir='ltr'>fuit</span> <span class='ocrx_word' id='word_1_202' title='bbox 1221 3756 1256 3796; x_wconf 86' lang='lat' dir='ltr'>ac</span> <span class='ocrx_word' id='word_1_203' title='bbox 1275 3745 1406 3796; x_wconf 73' lang='lat' dir='ltr'>recentes</span> <span class='ocrx_word' id='word_1_204' title='bbox 1426 3753 1545 3812; x_wconf 81' lang='lat' dir='ltr'>carpere</span> <span class='ocrx_word' id='word_1_205' title='bbox 1565 3735 1671 3796; x_wconf 88' lang='lat' dir='ltr'>flores?</span> 
     </span>
    </p>
   </div>
   <div class='ocr_carea' id='block_1_6' title="bbox 562 3921 2059 6011">
    <p class='ocr_par' dir='ltr' id='par_1_6' title="bbox 562 3921 2059 6011">
     <span class='ocr_line' id='line_1_23' title="bbox 565 3921 2059 4022; baseline 0.001 -25"><span class='ocrx_word' id='word_1_206' title='bbox 565 3941 727 4021; x_wconf 90' lang='lat' dir='ltr'>apparet</span> <span class='ocrx_word' id='word_1_207' title='bbox 752 3924 853 3996; x_wconf 93' lang='lat' dir='ltr'>enim</span> <span class='ocrx_word' id='word_1_208' title='bbox 879 3923 983 4020; x_wconf 93' lang='lat' dir='ltr'>prius</span> <span class='ocrx_word' id='word_1_209' title='bbox 1010 3922 1100 3996; x_wconf 95' lang='lat' dir='ltr'>illud</span> <span class='ocrx_word' id='word_1_210' title='bbox 1125 3923 1397 4022; x_wconf 68' lang='lat' dir='ltr'>urga&#39;lamnc—</span> <span class='ocrx_word' id='word_1_211' title='bbox 1413 3948 1466 3995; x_wconf 84' lang='lat' dir='ltr'>an</span> <span class='ocrx_word' id='word_1_212' title='bbox 1490 3921 1589 3995; x_wconf 79' lang='lat' dir='ltr'>ludit</span> <span class='ocrx_word' id='word_1_213' title='bbox 1600 3922 1792 3995; x_wconf 89' lang='lat' dir='ltr'>induxisse</span> <span class='ocrx_word' id='word_1_214' title='bbox 1809 3922 2001 3997; x_wconf 90' lang='lat' dir='ltr'>librarium</span> <span class='ocrx_word' id='word_1_215' title='bbox 2016 3942 2059 3998; x_wconf 89' lang='lat' dir='ltr'>ut</span> 
     </span>
     <span class='ocr_line' id='line_1_24' title="bbox 565 4045 2058 4146; baseline 0.001 -25"><span class='ocrx_word' id='word_1_216' title='bbox 565 4047 686 4122; x_wconf 90' lang='lat' dir='ltr'>altero</span> <span class='ocrx_word' id='word_1_217' title='bbox 720 4072 873 4146; x_wconf 91' lang='lat' dir='ltr'>quoque</span> <span class='ocrx_word' id='word_1_218' title='bbox 907 4045 988 4121; x_wconf 96' lang='lat' dir='ltr'>loco</span> <span class='ocrx_word' id='word_1_219' title='bbox 1017 4074 1070 4120; x_wconf 86' lang='lat' dir='ltr'>an</span> <span class='ocrx_word' id='word_1_220' title='bbox 1095 4047 1320 4120; x_wconf 88' lang='lat' dir='ltr'>rescriberet</span> <span class='ocrx_word' id='word_1_221' title='bbox 1345 4071 1414 4143; x_wconf 93' lang='lat' dir='ltr'>pro</span> <span class='ocrx_word' id='word_1_222' title='bbox 1438 4073 1501 4134; x_wconf 85' lang='lat' dir='ltr'>ac;</span> <span class='ocrx_word' id='word_1_223' title='bbox 1529 4047 1632 4144; x_wconf 93' lang='lat' dir='ltr'>quod</span> <span class='ocrx_word' id='word_1_224' title='bbox 1657 4046 1740 4119; x_wconf 91' lang='lat' dir='ltr'>uice</span> <span class='ocrx_word' id='word_1_225' title='bbox 1764 4047 1846 4120; x_wconf 93' lang='lat' dir='ltr'>eius</span> <span class='ocrx_word' id='word_1_226' title='bbox 1870 4049 1974 4146; x_wconf 93' lang='lat' dir='ltr'>quod</span> <span class='ocrx_word' id='word_1_227' title='bbox 1999 4067 2058 4123; x_wconf 89' lang='lat' dir='ltr'>est</span> 
     </span>
     <span class='ocr_line' id='line_1_25' title="bbox 564 4170 2058 4271; baseline 0.001 -25"><span class='ocrx_word' id='word_1_228' title='bbox 564 4198 678 4270; x_wconf 85' lang='lat' dir='ltr'>quam</span> <span class='ocrx_word' id='word_1_229' title='bbox 703 4172 856 4268; x_wconf 89' lang='lat' dir='ltr'>saepius</span> <span class='ocrx_word' id='word_1_230' title='bbox 881 4188 1039 4269; x_wconf 89' lang='lat' dir='ltr'>usurpat</span> <span class='ocrx_word' id='word_1_231' title='bbox 1065 4171 1267 4245; x_wconf 89' lang='lat' dir='ltr'>Horatius:</span> <span class='ocrx_word' id='word_1_232' title='bbox 1294 4171 1404 4268; x_wconf 90' lang='lat' dir='ltr'>epod.</span> <span class='ocrx_word' id='word_1_233' title='bbox 1437 4195 1477 4243; x_wconf 91' lang='lat'>12</span> <span class='ocrx_word' id='word_1_234' title='bbox 1494 4229 1501 4258; x_wconf 88' lang='lat'>,</span> <span class='ocrx_word' id='word_1_235' title='bbox 1520 4194 1564 4262; x_wconf 91' lang='lat'>14</span> <span class='ocrx_word' id='word_1_236' title='bbox 1589 4170 1749 4244; x_wconf 74' lang='lat' dir='ltr'>Imchia</span> <span class='ocrx_word' id='word_1_237' title='bbox 1761 4173 1919 4271; x_wconf 78' lang='lat' dir='ltr'>langues</span> <span class='ocrx_word' id='word_1_238' title='bbox 1932 4174 2058 4248; x_wconf 81' lang='lat' dir='ltr'>minus</span> 
     </span>
     <span class='ocr_line' id='line_1_26' title="bbox 565 4295 2057 4394; baseline 0 -24"><span class='ocrx_word' id='word_1_239' title='bbox 565 4323 608 4370; x_wconf 78' lang='lat' dir='ltr'>ac</span> <span class='ocrx_word' id='word_1_240' title='bbox 632 4322 706 4383; x_wconf 74' lang='lat' dir='ltr'>me;</span> <span class='ocrx_word' id='word_1_241' title='bbox 757 4298 866 4394; x_wconf 92' lang='lat' dir='ltr'>epod.</span> <span class='ocrx_word' id='word_1_242' title='bbox 908 4317 970 4390; x_wconf 88' lang='lat'>15,</span> <span class='ocrx_word' id='word_1_243' title='bbox 999 4317 1018 4390; x_wconf 87' lang='lat'>5</span> <span class='ocrx_word' id='word_1_244' title='bbox 1055 4295 1230 4394; x_wconf 91' lang='lat' dir='ltr'>alibique.</span> <span class='ocrx_word' id='word_1_245' title='bbox 1269 4340 1319 4351; x_wconf 91' lang='lat'>·-</span> <span class='ocrx_word' id='word_1_246' title='bbox 1357 4296 1508 4393; x_wconf 91' lang='lat' dir='ltr'>iamque</span> <span class='ocrx_word' id='word_1_247' title='bbox 1545 4295 1708 4369; x_wconf 79' lang='lat' dir='ltr'>furorem</span> <span class='ocrx_word' id='word_1_248' title='bbox 1746 4295 1784 4368; x_wconf 94' lang='lat' dir='ltr'>in</span> <span class='ocrx_word' id='word_1_249' title='bbox 1823 4296 2057 4371; x_wconf 91' lang='lat' dir='ltr'>miseriarum</span> 
     </span>
     <span class='ocr_line' id='line_1_27' title="bbox 565 4419 2056 4518; baseline -0.001 -22"><span class='ocrx_word' id='word_1_250' title='bbox 565 4437 757 4496; x_wconf 89' lang='lat' dir='ltr'>auctorem</span> <span class='ocrx_word' id='word_1_251' title='bbox 783 4421 972 4494; x_wconf 91' lang='lat' dir='ltr'>conuertit</span> <span class='ocrx_word' id='word_1_252' title='bbox 998 4420 1124 4517; x_wconf 92' lang='lat' dir='ltr'>puella</span> <span class='ocrx_word' id='word_1_253' title='bbox 1148 4437 1348 4495; x_wconf 88' lang='lat' dir='ltr'>externata</span> <span class='ocrx_word' id='word_1_254' title='bbox 1375 4419 1451 4517; x_wconf 79' lang='lat' dir='ltr'>(uu.</span> <span class='ocrx_word' id='word_1_255' title='bbox 1478 4420 1661 4518; x_wconf 84' lang='lat'>45—48):</span> <span class='ocrx_word' id='word_1_256' title='bbox 1700 4420 1731 4492; x_wconf 90' lang='lat' dir='ltr'>si</span> <span class='ocrx_word' id='word_1_257' title='bbox 1757 4421 1874 4506; x_wconf 89' lang='lat' dir='ltr'>adsit,</span> <span class='ocrx_word' id='word_1_258' title='bbox 1908 4437 2056 4495; x_wconf 92' lang='lat' dir='ltr'>taurum</span> 
     </span>
     <span class='ocr_line' id='line_1_28' title="bbox 564 4543 2058 4643; baseline 0.002 -25"><span class='ocrx_word' id='word_1_259' title='bbox 564 4545 691 4643; x_wconf 89' lang='lat' dir='ltr'>gladio</span> <span class='ocrx_word' id='word_1_260' title='bbox 718 4545 898 4619; x_wconf 88' lang='lat' dir='ltr'>inuadere</span> <span class='ocrx_word' id='word_1_261' title='bbox 922 4561 1039 4643; x_wconf 89' lang='lat' dir='ltr'>atque</span> <span class='ocrx_word' id='word_1_262' title='bbox 1064 4570 1205 4620; x_wconf 91' lang='lat' dir='ltr'>cornua</span> <span class='ocrx_word' id='word_1_263' title='bbox 1229 4545 1403 4643; x_wconf 83' lang='lat' dir='ltr'>frangere</span> <span class='ocrx_word' id='word_1_264' title='bbox 1428 4545 1564 4642; x_wconf 89' lang='lat' dir='ltr'>gestit!</span> <span class='ocrx_word' id='word_1_265' title='bbox 1601 4543 1691 4618; x_wconf 89' lang='lat' dir='ltr'>talia</span> <span class='ocrx_word' id='word_1_266' title='bbox 1716 4570 1792 4618; x_wconf 91' lang='lat' dir='ltr'>non</span> <span class='ocrx_word' id='word_1_267' title='bbox 1817 4563 1907 4619; x_wconf 92' lang='lat' dir='ltr'>sunt</span> <span class='ocrx_word' id='word_1_268' title='bbox 1932 4548 2058 4621; x_wconf 90' lang='lat' dir='ltr'>sobria</span> 
     </span>
     <span class='ocr_line' id='line_1_29' title="bbox 565 4668 2057 4770; baseline 0.002 -28"><span class='ocrx_word' id='word_1_269' title='bbox 565 4669 676 4743; x_wconf 93' lang='lat' dir='ltr'>nimis</span> <span class='ocrx_word' id='word_1_270' title='bbox 703 4685 830 4742; x_wconf 89' lang='lat' dir='ltr'>mente</span> <span class='ocrx_word' id='word_1_271' title='bbox 844 4669 1092 4767; x_wconf 88' lang='lat' dir='ltr'>exagitanda,</span> <span class='ocrx_word' id='word_1_272' title='bbox 1108 4686 1150 4742; x_wconf 92' lang='lat' dir='ltr'>ut</span> <span class='ocrx_word' id='word_1_273' title='bbox 1163 4668 1332 4743; x_wconf 88' lang='lat' dir='ltr'>fecerunt</span> <span class='ocrx_word' id='word_1_274' title='bbox 1346 4668 1628 4766; x_wconf 88' lang='lat' dir='ltr'>Peerlkampius</span> <span class='ocrx_word' id='word_1_275' title='bbox 1643 4669 1917 4768; x_wconf 90' lang='lat' dir='ltr'>Lehrsiusque,</span> <span class='ocrx_word' id='word_1_276' title='bbox 1933 4696 2057 4770; x_wconf 91' lang='lat' dir='ltr'>neque</span> 
     </span>
     <span class='ocr_line' id='line_1_30' title="bbox 566 4793 2057 4893; baseline 0.002 -27"><span class='ocrx_word' id='word_1_277' title='bbox 566 4793 814 4891; x_wconf 88' lang='lat' dir='ltr'>flagitandum</span> <span class='ocrx_word' id='word_1_278' title='bbox 853 4811 895 4866; x_wconf 92' lang='lat' dir='ltr'>ut</span> <span class='ocrx_word' id='word_1_279' title='bbox 932 4819 1030 4892; x_wconf 91' lang='lat' dir='ltr'>quae</span> <span class='ocrx_word' id='word_1_280' title='bbox 1067 4811 1177 4892; x_wconf 91' lang='lat' dir='ltr'>optat</span> <span class='ocrx_word' id='word_1_281' title='bbox 1211 4819 1318 4867; x_wconf 90' lang='lat' dir='ltr'>mens</span> <span class='ocrx_word' id='word_1_282' title='bbox 1345 4794 1489 4892; x_wconf 92' lang='lat' dir='ltr'>percita</span> <span class='ocrx_word' id='word_1_283' title='bbox 1514 4793 1594 4866; x_wconf 85' lang='lat' dir='ltr'>fieri</span> <span class='ocrx_word' id='word_1_284' title='bbox 1621 4819 1662 4866; x_wconf 89' lang='lat' dir='ltr'>re</span> <span class='ocrx_word' id='word_1_285' title='bbox 1688 4793 1778 4868; x_wconf 89' lang='lat' dir='ltr'>uera</span> <span class='ocrx_word' id='word_1_286' title='bbox 1804 4795 1960 4893; x_wconf 91' lang='lat' dir='ltr'>possint.</span> <span class='ocrx_word' id='word_1_287' title='bbox 2004 4795 2057 4869; x_wconf 91' lang='lat' dir='ltr'>sic</span> 
     </span>
     <span class='ocr_line' id='line_1_31' title="bbox 565 4918 2055 5017; baseline 0.001 -25"><span class='ocrx_word' id='word_1_288' title='bbox 565 4934 767 5016; x_wconf 91' lang='lat' dir='ltr'>postquam</span> <span class='ocrx_word' id='word_1_289' title='bbox 802 4918 857 4991; x_wconf 93' lang='lat' dir='ltr'>ira</span> <span class='ocrx_word' id='word_1_290' title='bbox 890 4919 1084 5006; x_wconf 89' lang='lat' dir='ltr'>detonuit,</span> <span class='ocrx_word' id='word_1_291' title='bbox 1124 4919 1279 5016; x_wconf 91' lang='lat' dir='ltr'>Europa</span> <span class='ocrx_word' id='word_1_292' title='bbox 1313 4918 1494 4992; x_wconf 90' lang='lat' dir='ltr'>relabitur</span> <span class='ocrx_word' id='word_1_293' title='bbox 1526 4919 1575 4991; x_wconf 89' lang='lat' dir='ltr'>ad</span> <span class='ocrx_word' id='word_1_294' title='bbox 1610 4920 1741 4993; x_wconf 92' lang='lat' dir='ltr'>mortis</span> <span class='ocrx_word' id='word_1_295' title='bbox 1766 4920 2055 5017; x_wconf 89' lang='lat' dir='ltr'>cogitationem:</span> 
     </span>
     <span class='ocr_line' id='line_1_32' title="bbox 563 5042 2058 5142; baseline 0.001 -24"><span class='ocrx_word' id='word_1_296' title='bbox 563 5043 829 5140; x_wconf 66' lang='lat' dir='ltr'>impudentem,</span> <span class='ocrx_word' id='word_1_297' title='bbox 876 5044 947 5117; x_wconf 92' lang='lat' dir='ltr'>hoc</span> <span class='ocrx_word' id='word_1_298' title='bbox 984 5061 1061 5129; x_wconf 90' lang='lat' dir='ltr'>est,</span> <span class='ocrx_word' id='word_1_299' title='bbox 1110 5043 1384 5118; x_wconf 87' lang='lat' dir='ltr'>transilientem</span> <span class='ocrx_word' id='word_1_300' title='bbox 1423 5044 1516 5117; x_wconf 89' lang='lat' dir='ltr'>fines</span> <span class='ocrx_word' id='word_1_301' title='bbox 1555 5042 1765 5141; x_wconf 87' lang='lat' dir='ltr'>uirginibus</span> <span class='ocrx_word' id='word_1_302' title='bbox 1804 5045 2058 5142; x_wconf 89' lang='lat' dir='ltr'>praescriptos</span> 
     </span>
     <span class='ocr_line' id='line_1_33' title="bbox 567 5166 2054 5267; baseline 0.001 -26"><span class='ocrx_word' id='word_1_303' title='bbox 567 5167 635 5266; x_wconf 91' lang='lat' dir='ltr'>(sic</span> <span class='ocrx_word' id='word_1_304' title='bbox 664 5168 765 5241; x_wconf 92' lang='lat' dir='ltr'>enim</span> <span class='ocrx_word' id='word_1_305' title='bbox 791 5166 1036 5267; x_wconf 79' lang='lat' dir='ltr'>explicamus)</span> <span class='ocrx_word' id='word_1_306' title='bbox 1076 5193 1118 5241; x_wconf 89' lang='lat' dir='ltr'>se</span> <span class='ocrx_word' id='word_1_307' title='bbox 1156 5167 1310 5266; x_wconf 94' lang='lat' dir='ltr'>liquisse</span> <span class='ocrx_word' id='word_1_308' title='bbox 1348 5169 1501 5242; x_wconf 93' lang='lat' dir='ltr'>domum</span> <span class='ocrx_word' id='word_1_309' title='bbox 1537 5184 1754 5265; x_wconf 90' lang='lat' dir='ltr'>paternam;</span> <span class='ocrx_word' id='word_1_310' title='bbox 1788 5168 2054 5264; x_wconf 65' lang='lat' dir='ltr'>impudentem,</span> 
     </span>
     <span class='ocr_line' id='line_1_34' title="bbox 564 5290 2055 5390; baseline -0.001 -24"><span class='ocrx_word' id='word_1_311' title='bbox 564 5290 705 5366; x_wconf 89' lang='lat' dir='ltr'>scilicet</span> <span class='ocrx_word' id='word_1_312' title='bbox 744 5317 866 5389; x_wconf 90' lang='lat' dir='ltr'>paene</span> <span class='ocrx_word' id='word_1_313' title='bbox 899 5290 1056 5365; x_wconf 86' lang='lat' dir='ltr'>oblitam</span> <span class='ocrx_word' id='word_1_314' title='bbox 1087 5292 1179 5390; x_wconf 92' lang='lat' dir='ltr'>quid</span> <span class='ocrx_word' id='word_1_315' title='bbox 1205 5318 1303 5365; x_wconf 92' lang='lat' dir='ltr'>nunc</span> <span class='ocrx_word' id='word_1_316' title='bbox 1328 5293 1515 5390; x_wconf 89' lang='lat' dir='ltr'>uirginem</span> <span class='ocrx_word' id='word_1_317' title='bbox 1541 5292 1695 5379; x_wconf 91' lang='lat' dir='ltr'>deceat,</span> <span class='ocrx_word' id='word_1_318' title='bbox 1721 5317 1763 5365; x_wconf 90' lang='lat' dir='ltr'>se</span> <span class='ocrx_word' id='word_1_319' title='bbox 1789 5292 1882 5365; x_wconf 92' lang='lat' dir='ltr'>mori</span> <span class='ocrx_word' id='word_1_320' title='bbox 1908 5316 2055 5365; x_wconf 87' lang='lat' dir='ltr'>cessare</span> 
     </span>
     <span class='ocr_line' id='line_1_35' title="bbox 567 5414 2053 5514; baseline 0.001 -26"><span class='ocrx_word' id='word_1_321' title='bbox 567 5414 643 5513; x_wconf 87' lang='lat' dir='ltr'>(uu.</span> <span class='ocrx_word' id='word_1_322' title='bbox 679 5440 746 5509; x_wconf 88' lang='lat'>49,</span> <span class='ocrx_word' id='word_1_323' title='bbox 783 5416 857 5514; x_wconf 83' lang='lat'><strong>50).</strong></span> <span class='ocrx_word' id='word_1_324' title='bbox 898 5432 1058 5489; x_wconf 89' lang='lat' dir='ltr'>mortem</span> <span class='ocrx_word' id='word_1_325' title='bbox 1096 5416 1212 5514; x_wconf 88' lang='lat' dir='ltr'>igitur</span> <span class='ocrx_word' id='word_1_326' title='bbox 1249 5443 1333 5490; x_wconf 94' lang='lat' dir='ltr'>cum</span> <span class='ocrx_word' id='word_1_327' title='bbox 1373 5417 1623 5491; x_wconf 90' lang='lat' dir='ltr'>necessariam</span> <span class='ocrx_word' id='word_1_328' title='bbox 1661 5415 1732 5489; x_wconf 92' lang='lat' dir='ltr'>sibi</span> <span class='ocrx_word' id='word_1_329' title='bbox 1769 5440 1853 5489; x_wconf 89' lang='lat' dir='ltr'>esse</span> <span class='ocrx_word' id='word_1_330' title='bbox 1886 5432 2053 5503; x_wconf 89' lang='lat' dir='ltr'>constet,</span> 
     </span>
     <span class='ocr_line' id='line_1_36' title="bbox 565 5538 2054 5638; baseline 0.001 -26"><span class='ocrx_word' id='word_1_331' title='bbox 565 5538 769 5637; x_wconf 90' lang='lat' dir='ltr'>puellarem</span> <span class='ocrx_word' id='word_1_332' title='bbox 809 5556 936 5614; x_wconf 92' lang='lat' dir='ltr'>tamen</span> <span class='ocrx_word' id='word_1_333' title='bbox 974 5539 1141 5613; x_wconf 91' lang='lat' dir='ltr'>animum</span> <span class='ocrx_word' id='word_1_334' title='bbox 1181 5542 1317 5614; x_wconf 92' lang='lat' dir='ltr'>iterum</span> <span class='ocrx_word' id='word_1_335' title='bbox 1355 5541 1482 5638; x_wconf 89' lang='lat' dir='ltr'>prodit</span> <span class='ocrx_word' id='word_1_336' title='bbox 1522 5539 1599 5637; x_wconf 80' lang='lat' dir='ltr'>(uu.</span> <span class='ocrx_word' id='word_1_337' title='bbox 1641 5541 1820 5638; x_wconf 85' lang='lat' dir='ltr'>5o-56):</span> <span class='ocrx_word' id='word_1_338' title='bbox 1860 5538 1941 5612; x_wconf 91' lang='lat' dir='ltr'>uult</span> <span class='ocrx_word' id='word_1_339' title='bbox 1976 5539 2054 5614; x_wconf 90' lang='lat' dir='ltr'>uita</span> 
     </span>
     <span class='ocr_line' id='line_1_37' title="bbox 564 5663 2055 5764; baseline -0.001 -26"><span class='ocrx_word' id='word_1_340' title='bbox 564 5665 748 5739; x_wconf 88' lang='lat' dir='ltr'>excedere</span> <span class='ocrx_word' id='word_1_341' title='bbox 795 5664 902 5762; x_wconf 87' lang='lat' dir='ltr'>quia,</span> <span class='ocrx_word' id='word_1_342' title='bbox 951 5681 992 5738; x_wconf 89' lang='lat' dir='ltr'>ut</span> <span class='ocrx_word' id='word_1_343' title='bbox 1039 5665 1137 5738; x_wconf 90' lang='lat' dir='ltr'>bene</span> <span class='ocrx_word' id='word_1_344' title='bbox 1175 5665 1229 5738; x_wconf 91' lang='lat' dir='ltr'>ait</span> <span class='ocrx_word' id='word_1_345' title='bbox 1267 5665 1494 5763; x_wconf 90' lang='lat' dir='ltr'>Porphyrio‚</span> <span class='ocrx_word' id='word_1_346' title='bbox 1533 5681 1698 5764; x_wconf 70' lang='grc' dir='ltr'><strong>γυναικείως</strong></span> <span class='ocrx_word' id='word_1_347' title='bbox 1734 5663 1889 5737; x_wconf 77' lang='lat' dir='ltr'>sollicita</span> <span class='ocrx_word' id='word_1_348' title='bbox 1922 5674 1978 5736; x_wconf 78' lang='lat' dir='ltr'>cst</span> <span class='ocrx_word' id='word_1_349' title='bbox 2009 5689 2055 5737; x_wconf 82' lang='lat' dir='ltr'>ne</span> 
     </span>
     <span class='ocr_line' id='line_1_38' title="bbox 563 5785 2057 5888; baseline 0 -26"><span class='ocrx_word' id='word_1_350' title='bbox 563 5787 710 5862; x_wconf 68' lang='lat' dir='ltr'>dcem:</span> <span class='ocrx_word' id='word_1_351' title='bbox 730 5813 806 5862; x_wconf 79' lang='lat' dir='ltr'>csse</span> <span class='ocrx_word' id='word_1_352' title='bbox 841 5789 1018 5885; x_wconf 64' lang='lat' dir='ltr'>spatiare:</span> <span class='ocrx_word' id='word_1_353' title='bbox 1056 5815 1176 5888; x_wconf 77' lang='lat' dir='ltr'>quare</span> <span class='ocrx_word' id='word_1_354' title='bbox 1215 5787 1288 5888; x_wconf 89' lang='lat' dir='ltr'>[ita</span> <span class='ocrx_word' id='word_1_355' title='bbox 1324 5813 1416 5885; x_wconf 86' lang='lat' dir='ltr'>ego:</span> <span class='ocrx_word' id='word_1_356' title='bbox 1453 5815 1549 5886; x_wconf 79' lang='lat' dir='ltr'>quac</span> <span class='ocrx_word' id='word_1_357' title='bbox 1585 5785 1843 5886; x_wconf 90' lang='lat' dir='ltr'>Monacensis]</span> <span class='ocrx_word' id='word_1_358' title='bbox 1869 5788 2057 5862; x_wconf 62' lang='lat' dir='ltr'>desem:</span> 
     </span>
     <span class='ocr_line' id='line_1_39' title="bbox 562 5912 2055 6011; baseline 0.001 -26"><span class='ocrx_word' id='word_1_359' title='bbox 562 5938 677 6010; x_wconf 82' lang='lat' dir='ltr'>quam</span> <span class='ocrx_word' id='word_1_360' title='bbox 693 5913 869 6008; x_wconf 82' lang='lat' dir='ltr'>primum</span> <span class='ocrx_word' id='word_1_361' title='bbox 889 5912 1039 6008; x_wconf 82' lang='lat' dir='ltr'>perz&#39;re,</span> <span class='ocrx_word' id='word_1_362' title='bbox 1063 5913 1154 5986; x_wconf 84' lang='lat' dir='ltr'>dum</span> <span class='ocrx_word' id='word_1_363' title='bbox 1171 5913 1390 6009; x_wconf 66' lang='lat' dir='ltr'>pukrr&#39;ludo</span> <span class='ocrx_word' id='word_1_364' title='bbox 1414 5938 1484 5987; x_wconf 82' lang='lat' dir='ltr'>sua</span> <span class='ocrx_word' id='word_1_365' title='bbox 1510 5939 1630 5986; x_wconf 80' lang='lat' dir='ltr'>secum</span> <span class='ocrx_word' id='word_1_366' title='bbox 1655 5913 1713 5986; x_wconf 81' lang='lat' dir='ltr'>sit.</span> <span class='ocrx_word' id='word_1_367' title='bbox 1741 5936 1839 6011; x_wconf 91' lang='lat' dir='ltr'>quae</span> <span class='ocrx_word' id='word_1_368' title='bbox 1864 5913 2055 5987; x_wconf 89' lang='lat' dir='ltr'>sententia</span> 
     </span>
    </p>
   </div>
   <div class='ocr_carea' id='block_1_7' title="bbox 0 0 2624 7396">
    <p class='ocr_par' dir='ltr' id='par_1_7' title="bbox 0 0 2624 7396">
     <span class='ocr_line' id='line_1_40' title="bbox 0 0 2624 7396; baseline 0 2"><span class='ocrx_word' id='word_1_369' title='bbox 0 0 2624 7396; x_wconf 95' lang='lat' dir='ltr'> </span> 
     </span>
    </p>
   </div>
  </div>
 </body>
</html>
