<?xml version="1.0" encoding="UTF-8"?>
<!DOCTYPE html PUBLIC "-//W3C//DTD XHTML 1.0 Transitional//EN"
    "http://www.w3.org/TR/xhtml1/DTD/xhtml1-transitional.dtd">
<html xmlns="http://www.w3.org/1999/xhtml" xml:lang="en" lang="en">
 <head>
  <title>
</title>
<meta http-equiv="Content-Type" content="text/html;charset=utf-8" />
  <meta name='ocr-system' content='tesseract 3.04.00' />
  <meta name='ocr-capabilities' content='ocr_page ocr_carea ocr_par ocr_line ocrx_word'/>
</head>
<body>
  <div class='ocr_page' id='page_1' title='image "./lectioneshorati00bhgoog_0014.png"; bbox 0 0 5240 7396; ppageno 0'>
   <div class='ocr_carea' id='block_1_1' title="bbox 1312 989 1331 1056">
    <p class='ocr_par' dir='ltr' id='par_1_1' title="bbox 1312 989 1331 1056">
     <span class='ocr_line' id='line_1_1' title="bbox 1312 989 1331 1056; baseline 0 0"><span class='ocrx_word' id='word_1_1' title='bbox 1312 989 1331 1056; x_wconf 77' lang='lat' dir='ltr'>&#39;l</span> 
     </span>
    </p>
   </div>
   <div class='ocr_carea' id='block_1_2' title="bbox 554 1185 2070 5516">
    <p class='ocr_par' dir='ltr' id='par_1_2' title="bbox 554 1185 2070 5516">
     <span class='ocr_line' id='line_1_2' title="bbox 577 1185 2067 1289; baseline 0.005 -31"><span class='ocrx_word' id='word_1_2' title='bbox 577 1186 759 1259; x_wconf 85' lang='lat' dir='ltr'>Horatius</span> <span class='ocrx_word' id='word_1_3' title='bbox 784 1185 929 1284; x_wconf 90' lang='lat' dir='ltr'>relegat</span> <span class='ocrx_word' id='word_1_4' title='bbox 955 1187 1197 1286; x_wconf 85' lang='lat' dir='ltr'>Agrippam?</span> <span class='ocrx_word' id='word_1_5' title='bbox 1220 1203 1348 1261; x_wconf 91' lang='lat' dir='ltr'>manet</span> <span class='ocrx_word' id='word_1_6' title='bbox 1374 1188 1466 1261; x_wconf 91' lang='lat' dir='ltr'>haec</span> <span class='ocrx_word' id='word_1_7' title='bbox 1493 1188 1694 1263; x_wconf 87' lang='lat' dir='ltr'>difficultas</span> <span class='ocrx_word' id='word_1_8' title='bbox 1721 1215 1974 1289; x_wconf 90' lang='lat' dir='ltr'>mansuraque</span> <span class='ocrx_word' id='word_1_9' title='bbox 1999 1208 2067 1266; x_wconf 90' lang='lat' dir='ltr'>est.</span> 
     </span>
     <span class='ocr_line' id='line_1_3' title="bbox 576 1312 2070 1410; baseline 0.003 -27"><span class='ocrx_word' id='word_1_10' title='bbox 576 1336 664 1384; x_wconf 92' lang='lat' dir='ltr'>nam</span> <span class='ocrx_word' id='word_1_11' title='bbox 700 1337 748 1384; x_wconf 94' lang='lat' dir='ltr'>ne</span> <span class='ocrx_word' id='word_1_12' title='bbox 783 1313 817 1385; x_wconf 97' lang='lat' dir='ltr'>ei</span> <span class='ocrx_word' id='word_1_13' title='bbox 853 1312 1006 1410; x_wconf 93' lang='lat' dir='ltr'>quidem</span> <span class='ocrx_word' id='word_1_14' title='bbox 1041 1312 1249 1398; x_wconf 85' lang='lat' dir='ltr'>conamini,</span> <span class='ocrx_word' id='word_1_15' title='bbox 1289 1313 1392 1408; x_wconf 93' lang='lat' dir='ltr'>quod</span> <span class='ocrx_word' id='word_1_16' title='bbox 1427 1313 1643 1410; x_wconf 85' lang='lat' dir='ltr'>nuperrime</span> <span class='ocrx_word' id='word_1_17' title='bbox 1677 1314 1735 1386; x_wconf 92' lang='lat' dir='ltr'>uir</span> <span class='ocrx_word' id='word_1_18' title='bbox 1768 1315 1913 1389; x_wconf 88' lang='lat' dir='ltr'>subacti</span> <span class='ocrx_word' id='word_1_19' title='bbox 1944 1316 2070 1389; x_wconf 93' lang='lat' dir='ltr'>iudicii</span> 
     </span>
     <span class='ocr_line' id='line_1_4' title="bbox 576 1435 2068 1534; baseline 0.005 -27"><span class='ocrx_word' id='word_1_20' title='bbox 576 1435 797 1508; x_wconf 89' lang='lat' dir='ltr'>Franciscus</span> <span class='ocrx_word' id='word_1_21' title='bbox 832 1436 1083 1510; x_wconf 91' lang='lat' dir='ltr'>Buechelerus</span> <span class='ocrx_word' id='word_1_22' title='bbox 1119 1438 1158 1509; x_wconf 92' lang='lat' dir='ltr'>in</span> <span class='ocrx_word' id='word_1_23' title='bbox 1193 1453 1477 1534; x_wconf 87' lang='lat' dir='ltr'>programmate</span> <span class='ocrx_word' id='word_1_24' title='bbox 1503 1438 1661 1511; x_wconf 90' lang='lat' dir='ltr'>hiberno</span> <span class='ocrx_word' id='word_1_25' title='bbox 1688 1439 1945 1513; x_wconf 92' lang='lat' dir='ltr'>uniuersitatis</span> <span class='ocrx_word' id='word_1_26' title='bbox 1972 1441 2068 1514; x_wconf 93' lang='lat' dir='ltr'>Bon-</span> 
     </span>
     <span class='ocr_line' id='line_1_5' title="bbox 574 1560 2066 1661; baseline 0.005 -30"><span class='ocrx_word' id='word_1_27' title='bbox 574 1560 702 1633; x_wconf 91' lang='lat' dir='ltr'>nensis</span> <span class='ocrx_word' id='word_1_28' title='bbox 738 1561 828 1634; x_wconf 91' lang='lat' dir='ltr'>anni</span> <span class='ocrx_word' id='word_1_29' title='bbox 871 1563 961 1654; x_wconf 89' lang='lat'>1878</span> <span class='ocrx_word' id='word_1_30' title='bbox 1000 1561 1176 1658; x_wconf 92' lang='lat' dir='ltr'>protulit,</span> <span class='ocrx_word' id='word_1_31' title='bbox 1214 1561 1459 1659; x_wconf 91' lang='lat' dir='ltr'>quantumuis</span> <span class='ocrx_word' id='word_1_32' title='bbox 1492 1579 1604 1636; x_wconf 94' lang='lat' dir='ltr'>acuto</span> <span class='ocrx_word' id='word_1_33' title='bbox 1638 1562 1870 1660; x_wconf 88' lang='lat' dir='ltr'>adplaudere</span> <span class='ocrx_word' id='word_1_34' title='bbox 1901 1589 2066 1661; x_wconf 89' lang='lat' dir='ltr'>possum.</span> 
     </span>
     <span class='ocr_line' id='line_1_6' title="bbox 574 1683 2069 1786; baseline 0.003 -29"><span class='ocrx_word' id='word_1_35' title='bbox 574 1683 738 1781; x_wconf 90' lang='lat' dir='ltr'>explicat</span> <span class='ocrx_word' id='word_1_36' title='bbox 771 1685 872 1758; x_wconf 92' lang='lat' dir='ltr'>enim</span> <span class='ocrx_word' id='word_1_37' title='bbox 908 1686 965 1759; x_wconf 91' lang='lat' dir='ltr'>uir</span> <span class='ocrx_word' id='word_1_38' title='bbox 997 1685 1058 1759; x_wconf 96' lang='lat' dir='ltr'>ille</span> <span class='ocrx_word' id='word_1_39' title='bbox 1091 1686 1224 1759; x_wconf 92' lang='lat' dir='ltr'>doctus</span> <span class='ocrx_word' id='word_1_40' title='bbox 1258 1685 1329 1758; x_wconf 90' lang='lat' dir='ltr'>ita:</span> <span class='ocrx_word' id='word_1_41' title='bbox 1373 1712 1477 1759; x_wconf 79' lang='lat' dir='ltr'>nemo</span> <span class='ocrx_word' id='word_1_42' title='bbox 1509 1687 1597 1759; x_wconf 79' lang='lat' dir='ltr'>hoec</span> <span class='ocrx_word' id='word_1_43' title='bbox 1628 1687 1742 1786; x_wconf 71' lang='lat' dir='ltr'>digne</span> <span class='ocrx_word' id='word_1_44' title='bbox 1774 1689 1985 1784; x_wconf 81' lang='lat' dir='ltr'>scripserit,</span> <span class='ocrx_word' id='word_1_45' title='bbox 2023 1715 2069 1762; x_wconf 77' lang='lat' dir='ltr'>rie</span> 
     </span>
     <span class='ocr_line' id='line_1_7' title="bbox 572 1809 2067 1906; baseline 0.003 -25"><span class='ocrx_word' id='word_1_46' title='bbox 572 1809 770 1882; x_wconf 74' lang='lat' dir='ltr'>Homerus</span> <span class='ocrx_word' id='word_1_47' title='bbox 801 1810 948 1906; x_wconf 78' lang='lat' dir='ltr'>quidem</span> <span class='ocrx_word' id='word_1_48' title='bbox 982 1811 1144 1906; x_wconf 78' lang='lat' dir='ltr'>optimus</span> <span class='ocrx_word' id='word_1_49' title='bbox 1177 1809 1317 1883; x_wconf 75' lang='lat' dir='ltr'>heroici</span> <span class='ocrx_word' id='word_1_50' title='bbox 1347 1811 1528 1883; x_wconf 85' lang='lat' dir='ltr'>carminis</span> <span class='ocrx_word' id='word_1_51' title='bbox 1563 1821 1712 1898; x_wconf 82' lang='lat' dir='ltr'>auctor,</span> <span class='ocrx_word' id='word_1_52' title='bbox 1746 1812 1881 1885; x_wconf 74' lang='lat' dir='ltr'>nedum</span> <span class='ocrx_word' id='word_1_53' title='bbox 1924 1813 2067 1887; x_wconf 84' lang='lat' dir='ltr'>Varius</span> 
     </span>
     <span class='ocr_line' id='line_1_8' title="bbox 571 1931 2067 2034; baseline 0.003 -29"><span class='ocrx_word' id='word_1_54' title='bbox 571 1933 642 2005; x_wconf 81' lang='lat' dir='ltr'>elsi</span> <span class='ocrx_word' id='word_1_55' title='bbox 655 1931 762 2032; x_wconf 72' lang='lat' dir='ltr'>forte</span> <span class='ocrx_word' id='word_1_56' title='bbox 785 1943 869 2030; x_wconf 82' lang='lat' dir='ltr'>epos</span> <span class='ocrx_word' id='word_1_57' title='bbox 892 1960 978 2007; x_wconf 81' lang='lat' dir='ltr'>acer</span> <span class='ocrx_word' id='word_1_58' title='bbox 1003 1944 1048 2007; x_wconf 86' lang='lat' dir='ltr'>ul</span> <span class='ocrx_word' id='word_1_59' title='bbox 1070 1960 1174 2007; x_wconf 78' lang='lat' dir='ltr'>mmo</span> <span class='ocrx_word' id='word_1_60' title='bbox 1199 1935 1317 2020; x_wconf 82' lang='lat' dir='ltr'>drrcit,</span> <span class='ocrx_word' id='word_1_61' title='bbox 1344 1934 1495 2006; x_wconf 87' lang='lat' dir='ltr'>minime</span> <span class='ocrx_word' id='word_1_62' title='bbox 1518 1961 1584 2034; x_wconf 77' lang='lat' dir='ltr'>ego</span> <span class='ocrx_word' id='word_1_63' title='bbox 1608 1936 1677 2032; x_wconf 84' lang='lat' dir='ltr'>qui</span> <span class='ocrx_word' id='word_1_64' title='bbox 1699 1961 1745 2009; x_wconf 77' lang='lat' dir='ltr'>ne</span> <span class='ocrx_word' id='word_1_65' title='bbox 1780 1936 1897 2010; x_wconf 84' lang='lat' dir='ltr'>Vario</span> <span class='ocrx_word' id='word_1_66' title='bbox 1919 1937 2067 2032; x_wconf 81' lang='lat' dir='ltr'>quidem</span> 
     </span>
     <span class='ocr_line' id='line_1_9' title="bbox 571 2058 2067 2159; baseline 0.004 -29"><span class='ocrx_word' id='word_1_67' title='bbox 571 2059 760 2131; x_wconf 77' lang='lat' dir='ltr'>aemulari</span> <span class='ocrx_word' id='word_1_68' title='bbox 782 2058 945 2155; x_wconf 82' lang='lat' dir='ltr'>possim,</span> <span class='ocrx_word' id='word_1_69' title='bbox 983 2075 1169 2156; x_wconf 90' lang='lat' dir='ltr'>putatque</span> <span class='ocrx_word' id='word_1_70' title='bbox 1205 2059 1278 2131; x_wconf 91' lang='lat' dir='ltr'>iam</span> <span class='ocrx_word' id='word_1_71' title='bbox 1312 2084 1510 2132; x_wconf 89' lang='lat' dir='ltr'>censuram</span> <span class='ocrx_word' id='word_1_72' title='bbox 1545 2061 1736 2156; x_wconf 92' lang='lat' dir='ltr'>quandam</span> <span class='ocrx_word' id='word_1_73' title='bbox 1763 2058 1887 2134; x_wconf 89' lang='lat' dir='ltr'>Iliadis</span> <span class='ocrx_word' id='word_1_74' title='bbox 1912 2062 1986 2159; x_wconf 91' lang='lat' dir='ltr'>agi.</span> <span class='ocrx_word' id='word_1_75' title='bbox 2026 2077 2067 2136; x_wconf 91' lang='lat' dir='ltr'>at</span> 
     </span>
     <span class='ocr_line' id='line_1_10' title="bbox 571 2182 2065 2281; baseline 0.002 -26"><span class='ocrx_word' id='word_1_76' title='bbox 571 2198 637 2255; x_wconf 91' lang='lat' dir='ltr'>aut</span> <span class='ocrx_word' id='word_1_77' title='bbox 671 2207 744 2279; x_wconf 89' lang='lat' dir='ltr'>ego</span> <span class='ocrx_word' id='word_1_78' title='bbox 769 2183 937 2256; x_wconf 92' lang='lat' dir='ltr'>caecutio</span> <span class='ocrx_word' id='word_1_79' title='bbox 963 2198 1029 2256; x_wconf 99' lang='lat' dir='ltr'>aut</span> <span class='ocrx_word' id='word_1_80' title='bbox 1055 2183 1125 2256; x_wconf 94' lang='lat' dir='ltr'>hoc</span> <span class='ocrx_word' id='word_1_81' title='bbox 1150 2182 1198 2255; x_wconf 93' lang='lat' dir='ltr'>de</span> <span class='ocrx_word' id='word_1_82' title='bbox 1225 2182 1342 2255; x_wconf 90' lang='lat' dir='ltr'>Vario</span> <span class='ocrx_word' id='word_1_83' title='bbox 1367 2182 1507 2280; x_wconf 89' lang='lat' dir='ltr'>alioqui</span> <span class='ocrx_word' id='word_1_84' title='bbox 1535 2184 1637 2256; x_wconf 91' lang='lat' dir='ltr'>bono</span> <span class='ocrx_word' id='word_1_85' title='bbox 1662 2184 1771 2280; x_wconf 91' lang='lat' dir='ltr'>epico</span> <span class='ocrx_word' id='word_1_86' title='bbox 1797 2185 1962 2281; x_wconf 93' lang='lat' dir='ltr'>positum</span> <span class='ocrx_word' id='word_1_87' title='bbox 1990 2211 2065 2258; x_wconf 93' lang='lat' dir='ltr'>non</span> 
     </span>
     <span class='ocr_line' id='line_1_11' title="bbox 570 2304 2065 2406; baseline 0.004 -28"><span class='ocrx_word' id='word_1_88' title='bbox 570 2304 777 2392; x_wconf 92' lang='lat' dir='ltr'>silendum,</span> <span class='ocrx_word' id='word_1_89' title='bbox 816 2308 884 2379; x_wconf 91' lang='lat' dir='ltr'>sed</span> <span class='ocrx_word' id='word_1_90' title='bbox 923 2307 1048 2379; x_wconf 91' lang='lat' dir='ltr'>uerbis</span> <span class='ocrx_word' id='word_1_91' title='bbox 1090 2307 1232 2404; x_wconf 89' lang='lat' dir='ltr'>apertis</span> <span class='ocrx_word' id='word_1_92' title='bbox 1272 2307 1433 2381; x_wconf 90' lang='lat' dir='ltr'>Horatio</span> <span class='ocrx_word' id='word_1_93' title='bbox 1475 2326 1556 2382; x_wconf 90' lang='lat' dir='ltr'>erat</span> <span class='ocrx_word' id='word_1_94' title='bbox 1597 2310 1912 2406; x_wconf 89' lang='lat' dir='ltr'>persequendum.</span> <span class='ocrx_word' id='word_1_95' title='bbox 1953 2335 2065 2406; x_wconf 92' lang='lat' dir='ltr'>porro</span> 
     </span>
     <span class='ocr_line' id='line_1_12' title="bbox 570 2431 2065 2532; baseline 0.004 -30"><span class='ocrx_word' id='word_1_96' title='bbox 570 2455 708 2526; x_wconf 90' lang='lat' dir='ltr'>respuo</span> <span class='ocrx_word' id='word_1_97' title='bbox 734 2431 804 2504; x_wconf 92' lang='lat' dir='ltr'>hoc</span> <span class='ocrx_word' id='word_1_98' title='bbox 823 2432 1161 2506; x_wconf 90' lang='lat' dir='ltr'>commendationis</span> <span class='ocrx_word' id='word_1_99' title='bbox 1173 2458 1314 2529; x_wconf 78' lang='lat' dir='ltr'>genuS,</span> <span class='ocrx_word' id='word_1_100' title='bbox 1342 2459 1417 2530; x_wconf 92' lang='lat' dir='ltr'>quo</span> <span class='ocrx_word' id='word_1_101' title='bbox 1436 2458 1484 2505; x_wconf 93' lang='lat' dir='ltr'>ne</span> <span class='ocrx_word' id='word_1_102' title='bbox 1499 2433 1656 2507; x_wconf 91' lang='lat' dir='ltr'>Varium</span> <span class='ocrx_word' id='word_1_103' title='bbox 1670 2435 1824 2532; x_wconf 91' lang='lat' dir='ltr'>quidem</span> <span class='ocrx_word' id='word_1_104' title='bbox 1838 2435 2065 2508; x_wconf 89' lang='lat' dir='ltr'>Diomedem</span> 
     </span>
     <span class='ocr_line' id='line_1_13' title="bbox 571 2556 2065 2657; baseline 0.002 -28"><span class='ocrx_word' id='word_1_105' title='bbox 571 2573 610 2629; x_wconf 99' lang='lat' dir='ltr'>et</span> <span class='ocrx_word' id='word_1_106' title='bbox 647 2556 877 2644; x_wconf 91' lang='lat' dir='ltr'>Merionem,</span> <span class='ocrx_word' id='word_1_107' title='bbox 917 2558 987 2630; x_wconf 94' lang='lat' dir='ltr'>hoc</span> <span class='ocrx_word' id='word_1_108' title='bbox 1026 2574 1085 2630; x_wconf 88' lang='lat' dir='ltr'>est</span> <span class='ocrx_word' id='word_1_109' title='bbox 1110 2557 1331 2655; x_wconf 88' lang='lat' dir='ltr'>Augustum</span> <span class='ocrx_word' id='word_1_110' title='bbox 1369 2574 1408 2631; x_wconf 91' lang='lat' dir='ltr'>et</span> <span class='ocrx_word' id='word_1_111' title='bbox 1432 2557 1648 2655; x_wconf 88' lang='lat' dir='ltr'>Agrippam</span> <span class='ocrx_word' id='word_1_112' title='bbox 1685 2558 1781 2656; x_wconf 88' lang='lat' dir='ltr'>(siue</span> <span class='ocrx_word' id='word_1_113' title='bbox 1806 2584 2065 2657; x_wconf 91' lang='lat' dir='ltr'>quoscumque</span> 
     </span>
     <span class='ocr_line' id='line_1_14' title="bbox 570 2679 2065 2780; baseline 0.001 -25"><span class='ocrx_word' id='word_1_114' title='bbox 570 2680 662 2755; x_wconf 89' lang='lat' dir='ltr'>alios</span> <span class='ocrx_word' id='word_1_115' title='bbox 687 2679 912 2780; x_wconf 88' lang='lat' dir='ltr'>intellegis),</span> <span class='ocrx_word' id='word_1_116' title='bbox 947 2681 1045 2755; x_wconf 92' lang='lat' dir='ltr'>iuste</span> <span class='ocrx_word' id='word_1_117' title='bbox 1071 2696 1270 2754; x_wconf 92' lang='lat' dir='ltr'>canturum</span> <span class='ocrx_word' id='word_1_118' title='bbox 1296 2706 1381 2754; x_wconf 90' lang='lat' dir='ltr'>esse</span> <span class='ocrx_word' id='word_1_119' title='bbox 1420 2682 1671 2755; x_wconf 91' lang='lat' dir='ltr'>contenditur.</span> <span class='ocrx_word' id='word_1_120' title='bbox 1706 2683 1870 2779; x_wconf 91' lang='lat' dir='ltr'>denique</span> <span class='ocrx_word' id='word_1_121' title='bbox 1897 2699 1979 2756; x_wconf 89' lang='lat' dir='ltr'>tota</span> <span class='ocrx_word' id='word_1_122' title='bbox 2003 2682 2065 2756; x_wconf 96' lang='lat' dir='ltr'>illa</span> 
     </span>
     <span class='ocr_line' id='line_1_15' title="bbox 571 2804 2065 2906; baseline 0.001 -28"><span class='ocrx_word' id='word_1_123' title='bbox 571 2804 728 2878; x_wconf 90' lang='lat' dir='ltr'>Homeri</span> <span class='ocrx_word' id='word_1_124' title='bbox 762 2830 921 2879; x_wconf 88' lang='lat' dir='ltr'>censura</span> <span class='ocrx_word' id='word_1_125' title='bbox 958 2805 1185 2880; x_wconf 89' lang='lat' dir='ltr'>otiosissima</span> <span class='ocrx_word' id='word_1_126' title='bbox 1222 2805 1319 2878; x_wconf 85' lang='lat' dir='ltr'>foret</span> <span class='ocrx_word' id='word_1_127' title='bbox 1357 2820 1474 2903; x_wconf 93' lang='lat' dir='ltr'>atque</span> <span class='ocrx_word' id='word_1_128' title='bbox 1512 2807 1608 2880; x_wconf 91' lang='lat' dir='ltr'>adeo</span> <span class='ocrx_word' id='word_1_129' title='bbox 1636 2832 1834 2904; x_wconf 90' lang='lat' dir='ltr'>peruersa,</span> <span class='ocrx_word' id='word_1_130' title='bbox 1874 2808 2017 2906; x_wconf 94' lang='lat' dir='ltr'>quippe</span> <span class='ocrx_word' id='word_1_131' title='bbox 2041 2833 2065 2882; x_wconf 90' lang='lat' dir='ltr'>a</span> 
     </span>
     <span class='ocr_line' id='line_1_16' title="bbox 569 2929 2064 3026; baseline 0.001 -23"><span class='ocrx_word' id='word_1_132' title='bbox 569 2929 744 3003; x_wconf 90' lang='lat' dir='ltr'>carminis</span> <span class='ocrx_word' id='word_1_133' title='bbox 771 2930 930 3004; x_wconf 88' lang='lat' dir='ltr'>materia</span> <span class='ocrx_word' id='word_1_134' title='bbox 953 2930 1172 3004; x_wconf 91' lang='lat' dir='ltr'>abhorrens.</span> <span class='ocrx_word' id='word_1_135' title='bbox 1200 2930 1270 3003; x_wconf 92' lang='lat' dir='ltr'>hoc</span> <span class='ocrx_word' id='word_1_136' title='bbox 1298 2929 1415 3026; x_wconf 88' lang='lat' dir='ltr'>igitur</span> <span class='ocrx_word' id='word_1_137' title='bbox 1440 2947 1697 3004; x_wconf 91' lang='lat' dir='ltr'>commentum</span> <span class='ocrx_word' id='word_1_138' title='bbox 1723 2932 1862 3005; x_wconf 85' lang='lat' dir='ltr'>refutat</span> <span class='ocrx_word' id='word_1_139' title='bbox 1874 2932 2064 3006; x_wconf 91' lang='lat' dir='ltr'>sentiendi</span> 
     </span>
     <span class='ocr_line' id='line_1_17' title="bbox 568 3053 2064 3153; baseline 0.002 -26"><span class='ocrx_word' id='word_1_140' title='bbox 568 3053 808 3151; x_wconf 89' lang='lat' dir='ltr'>simplicitas,</span> <span class='ocrx_word' id='word_1_141' title='bbox 848 3054 987 3128; x_wconf 90' lang='lat' dir='ltr'>resutat</span> <span class='ocrx_word' id='word_1_142' title='bbox 1022 3053 1155 3152; x_wconf 92' lang='lat' dir='ltr'>reliqui</span> <span class='ocrx_word' id='word_1_143' title='bbox 1191 3055 1378 3152; x_wconf 89' lang='lat' dir='ltr'>poematis</span> <span class='ocrx_word' id='word_1_144' title='bbox 1404 3071 1609 3151; x_wconf 81' lang='lat' dir='ltr'>respectus</span> <span class='ocrx_word' id='word_1_145' title='bbox 1648 3055 1824 3153; x_wconf 88' lang='lat' dir='ltr'>quocirca</span> <span class='ocrx_word' id='word_1_146' title='bbox 1848 3056 1922 3129; x_wconf 92' lang='lat' dir='ltr'>iam</span> <span class='ocrx_word' id='word_1_147' title='bbox 1948 3057 2064 3130; x_wconf 92' lang='lat' dir='ltr'>addu-</span> 
     </span>
     <span class='ocr_line' id='line_1_18' title="bbox 568 3178 2064 3279; baseline 0.001 -27"><span class='ocrx_word' id='word_1_148' title='bbox 568 3178 687 3252; x_wconf 93' lang='lat' dir='ltr'>cimur</span> <span class='ocrx_word' id='word_1_149' title='bbox 724 3205 770 3252; x_wconf 92' lang='lat' dir='ltr'>eo</span> <span class='ocrx_word' id='word_1_150' title='bbox 809 3195 851 3252; x_wconf 94' lang='lat' dir='ltr'>ut</span> <span class='ocrx_word' id='word_1_151' title='bbox 889 3207 949 3253; x_wconf 89' lang='lat' dir='ltr'>uu.</span> <span class='ocrx_word' id='word_1_152' title='bbox 993 3184 1133 3271; x_wconf 86' lang='lat'>13—16</span> <span class='ocrx_word' id='word_1_153' title='bbox 1172 3195 1238 3252; x_wconf 94' lang='lat' dir='ltr'>aut</span> <span class='ocrx_word' id='word_1_154' title='bbox 1272 3179 1310 3251; x_wconf 92' lang='lat' dir='ltr'>in</span> <span class='ocrx_word' id='word_1_155' title='bbox 1347 3178 1499 3252; x_wconf 90' lang='lat' dir='ltr'>exilium</span> <span class='ocrx_word' id='word_1_156' title='bbox 1526 3179 1732 3254; x_wconf 93' lang='lat' dir='ltr'>mittendos</span> <span class='ocrx_word' id='word_1_157' title='bbox 1757 3197 1823 3253; x_wconf 92' lang='lat' dir='ltr'>aut</span> <span class='ocrx_word' id='word_1_158' title='bbox 1849 3179 2064 3279; x_wconf 91' lang='lat' dir='ltr'>corruptela</span> 
     </span>
     <span class='ocr_line' id='line_1_19' title="bbox 568 3302 2063 3403; baseline 0.001 -26"><span class='ocrx_word' id='word_1_159' title='bbox 568 3302 740 3379; x_wconf 91' lang='lat' dir='ltr'>laborare</span> <span class='ocrx_word' id='word_1_160' title='bbox 765 3305 919 3379; x_wconf 82' lang='lat' dir='ltr'>aiamus</span> <span class='ocrx_word' id='word_1_161' title='bbox 953 3304 1040 3379; x_wconf 91' lang='lat' dir='ltr'>nolo</span> <span class='ocrx_word' id='word_1_162' title='bbox 1066 3330 1165 3378; x_wconf 91' lang='lat' dir='ltr'>nunc</span> <span class='ocrx_word' id='word_1_163' title='bbox 1191 3303 1332 3377; x_wconf 93' lang='lat' dir='ltr'>multus</span> <span class='ocrx_word' id='word_1_164' title='bbox 1358 3329 1441 3378; x_wconf 91' lang='lat' dir='ltr'>esse</span> <span class='ocrx_word' id='word_1_165' title='bbox 1467 3305 1506 3377; x_wconf 90' lang='lat' dir='ltr'>in</span> <span class='ocrx_word' id='word_1_166' title='bbox 1531 3305 1781 3403; x_wconf 88' lang='lat' dir='ltr'>disceptanda</span> <span class='ocrx_word' id='word_1_167' title='bbox 1805 3303 2063 3402; x_wconf 91' lang='lat' dir='ltr'>interpolatio·</span> 
     </span>
     <span class='ocr_line' id='line_1_20' title="bbox 568 3428 2063 3527; baseline 0.001 -24"><span class='ocrx_word' id='word_1_168' title='bbox 568 3455 658 3513; x_wconf 89' lang='lat' dir='ltr'>num</span> <span class='ocrx_word' id='word_1_169' title='bbox 685 3429 979 3503; x_wconf 90' lang='lat' dir='ltr'>Horatianarum</span> <span class='ocrx_word' id='word_1_170' title='bbox 1013 3429 1238 3527; x_wconf 90' lang='lat' dir='ltr'>quaestione</span> <span class='ocrx_word' id='word_1_171' title='bbox 1266 3429 1369 3527; x_wconf 86' lang='lat' dir='ltr'>(nam</span> <span class='ocrx_word' id='word_1_172' title='bbox 1395 3428 1607 3526; x_wconf 86' lang='lat' dir='ltr'>disceptare</span> <span class='ocrx_word' id='word_1_173' title='bbox 1633 3429 1827 3526; x_wconf 91' lang='lat' dir='ltr'>incipienti</span> <span class='ocrx_word' id='word_1_174' title='bbox 1855 3454 1989 3502; x_wconf 92' lang='lat' dir='ltr'>uereor</span> <span class='ocrx_word' id='word_1_175' title='bbox 2014 3455 2063 3504; x_wconf 92' lang='lat' dir='ltr'>ne</span> 
     </span>
     <span class='ocr_line' id='line_1_21' title="bbox 568 3552 2063 3653; baseline 0.001 -27"><span class='ocrx_word' id='word_1_176' title='bbox 568 3555 667 3629; x_wconf 89' lang='lat' dir='ltr'>intra</span> <span class='ocrx_word' id='word_1_177' title='bbox 693 3554 803 3627; x_wconf 92' lang='lat' dir='ltr'>huius</span> <span class='ocrx_word' id='word_1_178' title='bbox 828 3553 1157 3627; x_wconf 90' lang='lat' dir='ltr'>commentationis</span> <span class='ocrx_word' id='word_1_179' title='bbox 1183 3553 1365 3627; x_wconf 90' lang='lat' dir='ltr'>terminos</span> <span class='ocrx_word' id='word_1_180' title='bbox 1390 3553 1490 3627; x_wconf 94' lang='lat' dir='ltr'>desit</span> <span class='ocrx_word' id='word_1_181' title='bbox 1517 3553 1637 3653; x_wconf 86' lang='lat' dir='ltr'>finis);</span> <span class='ocrx_word' id='word_1_182' title='bbox 1664 3553 1833 3626; x_wconf 90' lang='lat' dir='ltr'>breuiter</span> <span class='ocrx_word' id='word_1_183' title='bbox 1857 3552 1979 3627; x_wconf 90' lang='lat' dir='ltr'>dicam</span> <span class='ocrx_word' id='word_1_184' title='bbox 2000 3580 2063 3628; x_wconf 91' lang='lat' dir='ltr'>me</span> 
     </span>
     <span class='ocr_line' id='line_1_22' title="bbox 566 3677 2061 3776; baseline -0.001 -23"><span class='ocrx_word' id='word_1_185' title='bbox 566 3680 615 3753; x_wconf 88' lang='lat' dir='ltr'>ab</span> <span class='ocrx_word' id='word_1_186' title='bbox 642 3704 772 3752; x_wconf 90' lang='lat' dir='ltr'>eorum</span> <span class='ocrx_word' id='word_1_187' title='bbox 799 3693 908 3775; x_wconf 91' lang='lat' dir='ltr'>parte</span> <span class='ocrx_word' id='word_1_188' title='bbox 932 3693 1034 3751; x_wconf 90' lang='lat' dir='ltr'>stare</span> <span class='ocrx_word' id='word_1_189' title='bbox 1060 3677 1124 3776; x_wconf 90' lang='lat' dir='ltr'>qui</span> <span class='ocrx_word' id='word_1_190' title='bbox 1150 3703 1263 3750; x_wconf 91' lang='lat' dir='ltr'>omne</span> <span class='ocrx_word' id='word_1_191' title='bbox 1289 3678 1360 3751; x_wconf 95' lang='lat' dir='ltr'>hoc</span> <span class='ocrx_word' id='word_1_192' title='bbox 1386 3703 1518 3752; x_wconf 88' lang='lat' dir='ltr'>uersus</span> <span class='ocrx_word' id='word_1_193' title='bbox 1544 3677 1693 3775; x_wconf 89' lang='lat' dir='ltr'>spurios</span> <span class='ocrx_word' id='word_1_194' title='bbox 1716 3677 1879 3751; x_wconf 90' lang='lat' dir='ltr'>uenandi</span> <span class='ocrx_word' id='word_1_195' title='bbox 1894 3678 2061 3751; x_wconf 90' lang='lat' dir='ltr'>studium</span> 
     </span>
     <span class='ocr_line' id='line_1_23' title="bbox 568 3801 2061 3900; baseline -0.001 -23"><span class='ocrx_word' id='word_1_196' title='bbox 568 3803 727 3877; x_wconf 90' lang='lat' dir='ltr'>reiciunt</span> <span class='ocrx_word' id='word_1_197' title='bbox 752 3801 1093 3899; x_wconf 89' lang='lat' dir='ltr'>condemnantque.</span> <span class='ocrx_word' id='word_1_198' title='bbox 1120 3802 1223 3899; x_wconf 90' lang='lat' dir='ltr'>quod</span> <span class='ocrx_word' id='word_1_199' title='bbox 1249 3803 1298 3875; x_wconf 92' lang='lat' dir='ltr'>ad</span> <span class='ocrx_word' id='word_1_200' title='bbox 1325 3818 1493 3875; x_wconf 90' lang='lat' dir='ltr'>nostram</span> <span class='ocrx_word' id='word_1_201' title='bbox 1518 3802 1734 3900; x_wconf 91' lang='lat' dir='ltr'>stropham,</span> <span class='ocrx_word' id='word_1_202' title='bbox 1762 3827 1807 3875; x_wconf 92' lang='lat' dir='ltr'>ea</span> <span class='ocrx_word' id='word_1_203' title='bbox 1820 3803 1938 3875; x_wconf 91' lang='lat' dir='ltr'>careri</span> <span class='ocrx_word' id='word_1_204' title='bbox 1948 3828 2061 3899; x_wconf 91' lang='lat' dir='ltr'>posse</span> 
     </span>
     <span class='ocr_line' id='line_1_24' title="bbox 566 3926 2062 4025; baseline -0.001 -24"><span class='ocrx_word' id='word_1_205' title='bbox 566 3929 743 4001; x_wconf 84' lang='lat' dir='ltr'>concedn.</span> <span class='ocrx_word' id='word_1_206' title='bbox 778 3926 846 4000; x_wconf 92' lang='lat' dir='ltr'>sed</span> <span class='ocrx_word' id='word_1_207' title='bbox 872 3927 1108 4025; x_wconf 91' lang='lat' dir='ltr'>ecquodnam</span> <span class='ocrx_word' id='word_1_208' title='bbox 1134 3926 1354 4000; x_wconf 87' lang='lat' dir='ltr'>remouendi</span> <span class='ocrx_word' id='word_1_209' title='bbox 1381 3927 1438 3999; x_wconf 90' lang='lat' dir='ltr'>ius</span> <span class='ocrx_word' id='word_1_210' title='bbox 1465 3926 1551 3999; x_wconf 93' lang='lat' dir='ltr'>hinc</span> <span class='ocrx_word' id='word_1_211' title='bbox 1576 3927 1826 4000; x_wconf 90' lang='lat' dir='ltr'>nanciscimur</span> <span class='ocrx_word' id='word_1_212' title='bbox 1849 3942 1916 3999; x_wconf 89' lang='lat' dir='ltr'>aut</span> <span class='ocrx_word' id='word_1_213' title='bbox 1941 3952 2062 4025; x_wconf 90' lang='lat' dir='ltr'>ecqua</span> 
     </span>
     <span class='ocr_line' id='line_1_25' title="bbox 566 4049 2060 4149; baseline -0.001 -24"><span class='ocrx_word' id='word_1_214' title='bbox 566 4068 648 4126; x_wconf 91' lang='lat' dir='ltr'>erat</span> <span class='ocrx_word' id='word_1_215' title='bbox 682 4076 796 4125; x_wconf 92' lang='lat' dir='ltr'>causa</span> <span class='ocrx_word' id='word_1_216' title='bbox 830 4051 950 4124; x_wconf 91' lang='lat' dir='ltr'>ueteri</span> <span class='ocrx_word' id='word_1_217' title='bbox 986 4077 1100 4149; x_wconf 96' lang='lat' dir='ltr'>quem</span> <span class='ocrx_word' id='word_1_218' title='bbox 1135 4050 1285 4148; x_wconf 88' lang='lat' dir='ltr'>fingunt</span> <span class='ocrx_word' id='word_1_219' title='bbox 1311 4049 1572 4147; x_wconf 92' lang='lat' dir='ltr'>interpolatori</span> <span class='ocrx_word' id='word_1_220' title='bbox 1598 4075 1744 4123; x_wconf 89' lang='lat' dir='ltr'>conexu</span> <span class='ocrx_word' id='word_1_221' title='bbox 1771 4051 1971 4149; x_wconf 90' lang='lat' dir='ltr'>perspicuo</span> <span class='ocrx_word' id='word_1_222' title='bbox 1996 4051 2060 4126; x_wconf 93' lang='lat' dir='ltr'>ali-</span> 
     </span>
     <span class='ocr_line' id='line_1_26' title="bbox 567 4174 2058 4274; baseline 0 -26"><span class='ocrx_word' id='word_1_223' title='bbox 567 4177 657 4274; x_wconf 93' lang='lat' dir='ltr'>quid</span> <span class='ocrx_word' id='word_1_224' title='bbox 695 4177 744 4250; x_wconf 90' lang='lat' dir='ltr'>de</span> <span class='ocrx_word' id='word_1_225' title='bbox 781 4201 850 4248; x_wconf 90' lang='lat' dir='ltr'>suo</span> <span class='ocrx_word' id='word_1_226' title='bbox 888 4174 1125 4249; x_wconf 89' lang='lat' dir='ltr'>inculcandi?</span> <span class='ocrx_word' id='word_1_227' title='bbox 1164 4199 1287 4272; x_wconf 89' lang='lat' dir='ltr'>apage</span> <span class='ocrx_word' id='word_1_228' title='bbox 1326 4175 1400 4248; x_wconf 86' lang='lat' dir='ltr'>ista</span> <span class='ocrx_word' id='word_1_229' title='bbox 1436 4175 1720 4272; x_wconf 91' lang='lat' dir='ltr'>desperantium</span> <span class='ocrx_word' id='word_1_230' title='bbox 1759 4191 1826 4248; x_wconf 89' lang='lat' dir='ltr'>aut</span> <span class='ocrx_word' id='word_1_231' title='bbox 1863 4176 2058 4273; x_wconf 89' lang='lat' dir='ltr'>pigrorum</span> 
     </span>
     <span class='ocr_line' id='line_1_27' title="bbox 566 4299 2060 4398; baseline -0.001 -24"><span class='ocrx_word' id='word_1_232' title='bbox 566 4301 750 4375; x_wconf 90' lang='lat' dir='ltr'>remedia!</span> <span class='ocrx_word' id='word_1_233' title='bbox 786 4299 995 4398; x_wconf 90' lang='lat' dir='ltr'>Porphyrio</span> <span class='ocrx_word' id='word_1_234' title='bbox 1029 4316 1157 4373; x_wconf 89' lang='lat' dir='ltr'>autem</span> <span class='ocrx_word' id='word_1_235' title='bbox 1192 4315 1279 4396; x_wconf 92' lang='lat' dir='ltr'>post</span> <span class='ocrx_word' id='word_1_236' title='bbox 1313 4300 1526 4397; x_wconf 90' lang='lat' dir='ltr'>expositam</span> <span class='ocrx_word' id='word_1_237' title='bbox 1560 4325 1693 4373; x_wconf 92' lang='lat' dir='ltr'>uocem</span> <span class='ocrx_word' id='word_1_238' title='bbox 1725 4299 1972 4373; x_wconf 63' lang='lat' dir='ltr'>adamantina</span> <span class='ocrx_word' id='word_1_239' title='bbox 2007 4301 2060 4374; x_wconf 88' lang='lat' dir='ltr'>ita</span> 
     </span>
     <span class='ocr_line' id='line_1_28' title="bbox 565 4424 2058 4524; baseline -0.001 -25"><span class='ocrx_word' id='word_1_240' title='bbox 565 4425 709 4523; x_wconf 86' lang='lat' dir='ltr'>pergit:</span> <span class='ocrx_word' id='word_1_241' title='bbox 737 4425 916 4524; x_wconf 77' lang='lat' dir='ltr'>figurate</span> <span class='ocrx_word' id='word_1_242' title='bbox 940 4435 1056 4524; x_wconf 76' lang='lat' dir='ltr'>negot</span> <span class='ocrx_word' id='word_1_243' title='bbox 1077 4450 1116 4497; x_wconf 82' lang='lat' dir='ltr'>se</span> <span class='ocrx_word' id='word_1_244' title='bbox 1131 4434 1242 4521; x_wconf 78' lang='lat' dir='ltr'>posse</span> <span class='ocrx_word' id='word_1_245' title='bbox 1265 4450 1327 4497; x_wconf 80' lang='lat' dir='ltr'>res</span> <span class='ocrx_word' id='word_1_246' title='bbox 1352 4424 1496 4498; x_wconf 81' lang='lat' dir='ltr'>bellicas</span> <span class='ocrx_word' id='word_1_247' title='bbox 1520 4424 1699 4511; x_wconf 80' lang='lat' dir='ltr'>scribere,</span> <span class='ocrx_word' id='word_1_248' title='bbox 1725 4449 1860 4497; x_wconf 81' lang='lat' dir='ltr'>uerum</span> <span class='ocrx_word' id='word_1_249' title='bbox 1895 4425 2058 4498; x_wconf 86' lang='lat' dir='ltr'>Varium</span> 
     </span>
     <span class='ocr_line' id='line_1_29' title="bbox 554 4548 2059 4648; baseline -0.001 -25"><span class='ocrx_word' id='word_1_250' title='bbox 554 4550 704 4646; x_wconf 81' lang='lat' dir='ltr'>polz&#39;us,</span> <span class='ocrx_word' id='word_1_251' title='bbox 729 4549 798 4646; x_wconf 85' lang='lat' dir='ltr'>qui</span> <span class='ocrx_word' id='word_1_252' title='bbox 820 4549 872 4622; x_wconf 86' lang='lat' dir='ltr'>sil</span> <span class='ocrx_word' id='word_1_253' title='bbox 894 4549 1098 4623; x_wconf 84' lang='lat' dir='ltr'>Homerico</span> <span class='ocrx_word' id='word_1_254' title='bbox 1122 4548 1273 4646; x_wconf 76' lang='lat' dir='ltr'>spiritu.</span> <span class='ocrx_word' id='word_1_255' title='bbox 1300 4549 1331 4622; x_wconf 97' lang='lat' dir='ltr'>si</span> <span class='ocrx_word' id='word_1_256' title='bbox 1346 4548 1530 4622; x_wconf 89' lang='lat' dir='ltr'>Horatius</span> <span class='ocrx_word' id='word_1_257' title='bbox 1551 4549 1648 4621; x_wconf 87' lang='lat' dir='ltr'>dixit</span> <span class='ocrx_word' id='word_1_258' title='bbox 1659 4574 1764 4622; x_wconf 74' lang='lat' dir='ltr'>nemo</span> <span class='ocrx_word' id='word_1_259' title='bbox 1776 4548 1890 4648; x_wconf 65' lang='lat' dir='ltr'>digne</span> <span class='ocrx_word' id='word_1_260' title='bbox 1901 4549 2059 4623; x_wconf 82' lang='lat' dir='ltr'>scribere</span> 
     </span>
     <span class='ocr_line' id='line_1_30' title="bbox 555 4671 2058 4771; baseline 0 -24"><span class='ocrx_word' id='word_1_261' title='bbox 555 4683 696 4770; x_wconf 75' lang='lat' dir='ltr'>potest,</span> <span class='ocrx_word' id='word_1_262' title='bbox 736 4699 812 4747; x_wconf 92' lang='lat' dir='ltr'>non</span> <span class='ocrx_word' id='word_1_263' title='bbox 846 4673 958 4747; x_wconf 92' lang='lat' dir='ltr'>uideo</span> <span class='ocrx_word' id='word_1_264' title='bbox 993 4698 1069 4771; x_wconf 93' lang='lat' dir='ltr'>qua</span> <span class='ocrx_word' id='word_1_265' title='bbox 1094 4673 1184 4746; x_wconf 91' lang='lat' dir='ltr'>iuris</span> <span class='ocrx_word' id='word_1_266' title='bbox 1209 4673 1336 4771; x_wconf 91' lang='lat' dir='ltr'>specie</span> <span class='ocrx_word' id='word_1_267' title='bbox 1363 4672 1526 4770; x_wconf 87' lang='lat' dir='ltr'>figurate</span> <span class='ocrx_word' id='word_1_268' title='bbox 1551 4674 1600 4747; x_wconf 91' lang='lat' dir='ltr'>de</span> <span class='ocrx_word' id='word_1_269' title='bbox 1625 4698 1667 4746; x_wconf 89' lang='lat' dir='ltr'>se</span> <span class='ocrx_word' id='word_1_270' title='bbox 1692 4671 1839 4746; x_wconf 90' lang='lat' dir='ltr'>locutus</span> <span class='ocrx_word' id='word_1_271' title='bbox 1864 4698 1948 4746; x_wconf 90' lang='lat' dir='ltr'>esse</span> <span class='ocrx_word' id='word_1_272' title='bbox 1973 4699 2058 4747; x_wconf 92' lang='lat' dir='ltr'>cen-</span> 
     </span>
     <span class='ocr_line' id='line_1_31' title="bbox 562 4797 2057 4895; baseline 0 -24"><span class='ocrx_word' id='word_1_273' title='bbox 562 4814 701 4872; x_wconf 89' lang='lat' dir='ltr'>seatur.</span> <span class='ocrx_word' id='word_1_274' title='bbox 741 4797 816 4872; x_wconf 85' lang='lat' dir='ltr'>iam</span> <span class='ocrx_word' id='word_1_275' title='bbox 854 4798 893 4871; x_wconf 92' lang='lat' dir='ltr'>in</span> <span class='ocrx_word' id='word_1_276' title='bbox 931 4798 1104 4871; x_wconf 91' lang='lat' dir='ltr'>uersibus</span> <span class='ocrx_word' id='word_1_277' title='bbox 1140 4797 1454 4871; x_wconf 89' lang='lat' dir='ltr'>antecedentibus</span> <span class='ocrx_word' id='word_1_278' title='bbox 1491 4813 1696 4895; x_wconf 91' lang='lat' dir='ltr'>propterea</span> <span class='ocrx_word' id='word_1_279' title='bbox 1732 4823 1775 4871; x_wconf 91' lang='lat' dir='ltr'>se</span> <span class='ocrx_word' id='word_1_280' title='bbox 1808 4797 1951 4871; x_wconf 90' lang='lat' dir='ltr'>maiora</span> <span class='ocrx_word' id='word_1_281' title='bbox 1981 4823 2057 4871; x_wconf 92' lang='lat' dir='ltr'>non</span> 
     </span>
     <span class='ocr_line' id='line_1_32' title="bbox 562 4921 2057 5020; baseline -0.001 -24"><span class='ocrx_word' id='word_1_282' title='bbox 562 4922 689 4996; x_wconf 89' lang='lat' dir='ltr'>conari</span> <span class='ocrx_word' id='word_1_283' title='bbox 715 4922 907 5020; x_wconf 83' lang='lat' dir='ltr'>professus</span> <span class='ocrx_word' id='word_1_284' title='bbox 933 4938 992 4996; x_wconf 92' lang='lat' dir='ltr'>est</span> <span class='ocrx_word' id='word_1_285' title='bbox 1016 4923 1119 5020; x_wconf 92' lang='lat' dir='ltr'>quod</span> <span class='ocrx_word' id='word_1_286' title='bbox 1145 4921 1292 4995; x_wconf 90' lang='lat' dir='ltr'>inbellis</span> <span class='ocrx_word' id='word_1_287' title='bbox 1314 4921 1420 5020; x_wconf 92' lang='lat' dir='ltr'>lyrae</span> <span class='ocrx_word' id='word_1_288' title='bbox 1434 4922 1546 4996; x_wconf 91' lang='lat' dir='ltr'>Musa</span> <span class='ocrx_word' id='word_1_289' title='bbox 1564 4937 1686 5010; x_wconf 88' lang='lat' dir='ltr'>uetet;</span> <span class='ocrx_word' id='word_1_290' title='bbox 1701 4921 1799 4995; x_wconf 91' lang='lat' dir='ltr'>hanc</span> <span class='ocrx_word' id='word_1_291' title='bbox 1815 4921 1847 4995; x_wconf 92' lang='lat' dir='ltr'>si</span> <span class='ocrx_word' id='word_1_292' title='bbox 1873 4921 2057 5019; x_wconf 86' lang='lat' dir='ltr'>imparem</span> 
     </span>
     <span class='ocr_line' id='line_1_33' title="bbox 562 5046 2057 5144; baseline 0 -24"><span class='ocrx_word' id='word_1_293' title='bbox 562 5073 646 5120; x_wconf 90' lang='lat' dir='ltr'>esse</span> <span class='ocrx_word' id='word_1_294' title='bbox 671 5046 871 5144; x_wconf 87' lang='lat' dir='ltr'>Agrippae</span> <span class='ocrx_word' id='word_1_295' title='bbox 897 5047 1147 5144; x_wconf 91' lang='lat' dir='ltr'>Caesarisque</span> <span class='ocrx_word' id='word_1_296' title='bbox 1172 5046 1345 5121; x_wconf 89' lang='lat' dir='ltr'>laudibus</span> <span class='ocrx_word' id='word_1_297' title='bbox 1359 5072 1459 5120; x_wconf 90' lang='lat' dir='ltr'>nunc</span> <span class='ocrx_word' id='word_1_298' title='bbox 1471 5046 1658 5133; x_wconf 89' lang='lat' dir='ltr'>ostendit,</span> <span class='ocrx_word' id='word_1_299' title='bbox 1673 5046 1836 5143; x_wconf 90' lang='lat' dir='ltr'>figurate</span> <span class='ocrx_word' id='word_1_300' title='bbox 1848 5071 1891 5119; x_wconf 91' lang='lat' dir='ltr'>se</span> <span class='ocrx_word' id='word_1_301' title='bbox 1903 5072 2057 5144; x_wconf 89' lang='lat' dir='ltr'>quoque</span> 
     </span>
     <span class='ocr_line' id='line_1_34' title="bbox 562 5170 2055 5269; baseline 0 -25"><span class='ocrx_word' id='word_1_302' title='bbox 562 5196 691 5269; x_wconf 90' lang='lat' dir='ltr'>parem</span> <span class='ocrx_word' id='word_1_303' title='bbox 717 5196 802 5245; x_wconf 86' lang='lat' dir='ltr'>esse</span> <span class='ocrx_word' id='word_1_304' title='bbox 827 5187 954 5269; x_wconf 90' lang='lat' dir='ltr'>negat.</span> <span class='ocrx_word' id='word_1_305' title='bbox 984 5171 1090 5245; x_wconf 91' lang='lat' dir='ltr'>uides</span> <span class='ocrx_word' id='word_1_306' title='bbox 1115 5197 1192 5269; x_wconf 89' lang='lat' dir='ltr'>quo</span> <span class='ocrx_word' id='word_1_307' title='bbox 1218 5172 1385 5246; x_wconf 92' lang='lat' dir='ltr'>tendam.</span> <span class='ocrx_word' id='word_1_308' title='bbox 1413 5197 1540 5269; x_wconf 89' lang='lat' dir='ltr'>neque</span> <span class='ocrx_word' id='word_1_309' title='bbox 1565 5197 1639 5268; x_wconf 90' lang='lat' dir='ltr'>ego</span> <span class='ocrx_word' id='word_1_310' title='bbox 1664 5170 1775 5245; x_wconf 91' lang='lat' dir='ltr'>aliter</span> <span class='ocrx_word' id='word_1_311' title='bbox 1799 5171 1922 5244; x_wconf 92' lang='lat' dir='ltr'>locum</span> <span class='ocrx_word' id='word_1_312' title='bbox 1948 5196 2055 5244; x_wconf 90' lang='lat' dir='ltr'>suam</span> 
     </span>
     <span class='ocr_line' id='line_1_35' title="bbox 560 5294 2055 5394; baseline 0 -26"><span class='ocrx_word' id='word_1_313' title='bbox 560 5295 730 5392; x_wconf 90' lang='lat' dir='ltr'>recipere</span> <span class='ocrx_word' id='word_1_314' title='bbox 766 5295 969 5369; x_wconf 88' lang='lat' dir='ltr'>sanitatem</span> <span class='ocrx_word' id='word_1_315' title='bbox 1007 5295 1195 5369; x_wconf 86' lang='lat' dir='ltr'>existumo</span> <span class='ocrx_word' id='word_1_316' title='bbox 1233 5321 1348 5394; x_wconf 92' lang='lat' dir='ltr'>quam</span> <span class='ocrx_word' id='word_1_317' title='bbox 1385 5295 1417 5369; x_wconf 93' lang='lat' dir='ltr'>si</span> <span class='ocrx_word' id='word_1_318' title='bbox 1456 5324 1517 5369; x_wconf 94' lang='lat' dir='ltr'>uu.</span> <span class='ocrx_word' id='word_1_319' title='bbox 1558 5301 1698 5390; x_wconf 84' lang='lat'>13-16</span> <span class='ocrx_word' id='word_1_320' title='bbox 1731 5295 1872 5370; x_wconf 87' lang='lat' dir='ltr'>artiore</span> <span class='ocrx_word' id='word_1_321' title='bbox 1906 5294 2055 5369; x_wconf 89' lang='lat' dir='ltr'>uinculo</span> 
     </span>
     <span class='ocr_line' id='line_1_36' title="bbox 560 5419 1449 5516; baseline 0 -23"><span class='ocrx_word' id='word_1_322' title='bbox 560 5419 748 5516; x_wconf 90' lang='lat' dir='ltr'>prioribus</span> <span class='ocrx_word' id='word_1_323' title='bbox 773 5419 1024 5507; x_wconf 89' lang='lat' dir='ltr'>adhaereant,</span> <span class='ocrx_word' id='word_1_324' title='bbox 1052 5421 1123 5494; x_wconf 89' lang='lat' dir='ltr'>hoc</span> <span class='ocrx_word' id='word_1_325' title='bbox 1147 5419 1290 5494; x_wconf 90' lang='lat' dir='ltr'>scilicet</span> <span class='ocrx_word' id='word_1_326' title='bbox 1316 5421 1449 5495; x_wconf 90' lang='lat' dir='ltr'>modo:</span> 
     </span>
    </p>
   </div>
   <div class='ocr_carea' id='block_1_3' title="bbox 999 5649 1613 6024">
    <p class='ocr_par' dir='ltr' id='par_1_3' title="bbox 999 5649 1588 5730">
     <span class='ocr_line' id='line_1_37' title="bbox 999 5649 1588 5730; baseline -0.002 -19"><span class='ocrx_word' id='word_1_327' title='bbox 999 5695 1007 5711; x_wconf 91' lang='lat'><strong>.</strong></span> <span class='ocrx_word' id='word_1_328' title='bbox 1029 5695 1037 5710; x_wconf 92' lang='lat'><strong>.</strong></span> <span class='ocrx_word' id='word_1_329' title='bbox 1059 5695 1066 5710; x_wconf 95' lang='lat'>.</span> <span class='ocrx_word' id='word_1_330' title='bbox 1089 5696 1097 5711; x_wconf 89' lang='lat'><strong><em>.</em></strong></span> <span class='ocrx_word' id='word_1_331' title='bbox 1118 5661 1219 5712; x_wconf 74' lang='lat' dir='ltr'>tenues</span> <span class='ocrx_word' id='word_1_332' title='bbox 1238 5649 1378 5730; x_wconf 73' lang='lat' dir='ltr'>grandia,</span> <span class='ocrx_word' id='word_1_333' title='bbox 1398 5652 1471 5712; x_wconf 88' lang='lat' dir='ltr'>dum</span> <span class='ocrx_word' id='word_1_334' title='bbox 1491 5652 1588 5729; x_wconf 91' lang='lat' dir='ltr'>pudor</span> 
     </span>
    </p>

    <p class='ocr_par' dir='ltr' id='par_1_4' title="bbox 999 5747 1613 5826">
     <span class='ocr_line' id='line_1_38' title="bbox 999 5747 1613 5826; baseline -0.002 -17"><span class='ocrx_word' id='word_1_335' title='bbox 999 5747 1178 5826; x_wconf 84' lang='lat' dir='ltr'>inbellisque</span> <span class='ocrx_word' id='word_1_336' title='bbox 1198 5751 1277 5826; x_wconf 81' lang='lat' dir='ltr'>lyrae</span> <span class='ocrx_word' id='word_1_337' title='bbox 1299 5751 1387 5809; x_wconf 86' lang='lat' dir='ltr'>Musa</span> <span class='ocrx_word' id='word_1_338' title='bbox 1406 5759 1513 5826; x_wconf 86' lang='lat' dir='ltr'>potens</span> <span class='ocrx_word' id='word_1_339' title='bbox 1532 5758 1613 5810; x_wconf 77' lang='lat' dir='ltr'>uetat</span> 
     </span>
    </p>

    <p class='ocr_par' dir='ltr' id='par_1_5' title="bbox 999 5845 1528 6024">
     <span class='ocr_line' id='line_1_39' title="bbox 999 5845 1528 5926; baseline -0.002 -19"><span class='ocrx_word' id='word_1_340' title='bbox 999 5847 1114 5907; x_wconf 75' lang='lat' dir='ltr'>laudes</span> <span class='ocrx_word' id='word_1_341' title='bbox 1134 5845 1242 5926; x_wconf 82' lang='lat' dir='ltr'>egregii</span> <span class='ocrx_word' id='word_1_342' title='bbox 1262 5845 1393 5907; x_wconf 70' lang='lat' dir='ltr'>Caesnis</span> <span class='ocrx_word' id='word_1_343' title='bbox 1413 5856 1443 5908; x_wconf 90' lang='lat' dir='ltr'>et</span> <span class='ocrx_word' id='word_1_344' title='bbox 1463 5857 1528 5906; x_wconf 79' lang='lat' dir='ltr'>tuas</span> 
     </span>
     <span class='ocr_line' id='line_1_40' title="bbox 1079 5943 1462 6024; baseline -0.003 -19"><span class='ocrx_word' id='word_1_345' title='bbox 1079 5945 1175 6022; x_wconf 81' lang='lat' dir='ltr'>Culpa</span> <span class='ocrx_word' id='word_1_346' title='bbox 1195 5945 1326 6006; x_wconf 83' lang='lat' dir='ltr'>deterere</span> <span class='ocrx_word' id='word_1_347' title='bbox 1347 5943 1462 6024; x_wconf 82' lang='lat' dir='ltr'>ingeni:</span> 
     </span>
    </p>
   </div>
   <div class='ocr_carea' id='block_1_4' title="bbox 0 0 2624 7396">
    <p class='ocr_par' dir='ltr' id='par_1_6' title="bbox 0 0 2624 7396">
     <span class='ocr_line' id='line_1_41' title="bbox 0 0 2624 7396; baseline 0 8"><span class='ocrx_word' id='word_1_348' title='bbox 0 0 2624 7396; x_wconf 95' lang='lat' dir='ltr'> </span> 
     </span>
    </p>
   </div>
  </div>
 </body>
</html>
