5240 7396
1308 941 1355 1012 32

581 1145 755 1216 monibus
784 1144 830 1242 (ΙΙ
862 1168 924 1237 13,
956 1146 1013 1240 16)
1041 1143 1273 1217 adscriberet
1300 1168 1451 1215 uersum
1480 1144 1524 1213 28
1553 1157 1654 1213 recte
1675 1165 1699 1213 a
1721 1139 1764 1211 C.
1781 1139 1841 1209 Fr.
1858 1136 2080 1209 Hermanno

582 1268 755 1341 eiectum.

657 1393 833 1466 Peruenit
868 1371 1051 1466 Horatius
1084 1392 1196 1466 adid
1224 1393 1326 1489 quod
1353 1392 1405 1464 rei
1432 1408 1491 1463 est
1517 1406 1652 1487 caput;
1680 1405 1720 1461 et
1744 1404 1966 1461 ostensurus
1992 1409 2081 1481 quo·
2109 1430 2114 1444 ι

583 1517 695 1590 modo
743 1517 871 1614 perfici
910 1534 1026 1615 queat
1065 1515 1151 1590 mali
1190 1517 1298 1614 suga,
1344 1517 1555 1613 interrogat
1591 1540 1638 1588 ex
1678 1513 1853 1586 Numicio
1891 1512 1952 1584 uis
1988 1521 2083 1584 recte

582 1642 741 1714 uiuere?
777 1668 891 1739 quem
931 1642 995 1715 ubi
1034 1642 1329 1738 respondentem
1368 1640 1456 1714 fecit
1492 1641 1577 1736 quis
1611 1641 1715 1712 non?
1751 1637 1820 1736 (ita
1853 1637 1954 1709 enim
1989 1637 2082 1708 haec

582 1766 880 1864 distribuimus),
915 1766 1045 1840 statim
1081 1766 1220 1863 promit
1258 1766 1295 1838 id
1331 1791 1406 1862 quo
1437 1765 1670 1862 quaestionis
1695 1789 1842 1836 summa
1867 1763 2083 1834 continetur

583 1889 797 1963 consilium:
831 1892 868 1963 si
903 1892 1031 1964 uirtus
1063 1890 1128 1963 hoc
1165 1888 1256 1988 (scil.
1284 1908 1386 1962 recte
1414 1889 1557 1987 uiuere)
1587 1915 1665 1961 una
1684 1899 1807 1984 polest
1829 1887 1942 1972 dare,
1959 1885 2083 1987 fortis

582 2014 728 2087 omissis
762 2015 828 2088 lzoc
865 2014 956 2112 (scil.
993 2033 1034 2086 ut
1069 2015 1106 2086 id
1139 2014 1259 2086 uirtus
1286 2014 1354 2086 tibi
1380 2015 1460 2112 det)
1488 2039 1559 2112 age
1583 2014 1731 2086 deliciis.
1759 2013 1860 2110 quod
1887 2009 2082 2084 consilium

583 2140 774 2235 quomodo
799 2141 848 2212 ad
874 2140 1001 2212 omnia
1027 2164 1072 2212 ea
1097 2164 1194 2235 quae
1220 2154 1335 2211 antea
1360 2155 1449 2210 sunt
1462 2138 1564 2210 dicta
1576 2153 1726 2234 spectet
1740 2153 1783 2209 ut
1796 2135 2081 2232 intellegamus,

584 2263 859 2337 reminiscenda
905 2280 964 2337 est
1004 2263 1154 2335 uirtutis
1193 2262 1363 2335 definitio
1403 2287 1478 2334 non
1518 2287 1564 2334 ex
1599 2260 1736 2334 scholis
1772 2261 2083 2357 philosophorum

583 2388 787 2484 desumpta
811 2390 878 2461 sed
905 2414 951 2460 ea
976 2413 1090 2485 quam
1116 2388 1154 2459 in
1181 2387 1347 2484 egregiis
1374 2387 1546 2460 uersibus
1573 2387 1673 2458 inter
1692 2385 1943 2482 pulcherrima
1957 2386 2082 2482 poesis

584 2511 724 2586 latinae
750 2512 963 2609 fragmenta
990 2529 1092 2585 recte
1118 2511 1325 2585 numeratis
1352 2513 1418 2584 dat
1446 2510 1610 2584 Lucilius
1639 2511 1724 2608 (inc.
1752 2510 1793 2583 fr.
1822 2510 1873 2608 l):

864 2690 982 2766 Virtus,
1003 2689 1129 2764 Albine,
1150 2699 1209 2762 est,
1230 2688 1358 2766 pretium
1379 2690 1543 2766 persoluere
1565 2709 1684 2761 uerum,

864 2789 955 2864 Queis
976 2787 1007 2848 iu
1027 2807 1190 2861 uersamur,
1212 2787 1295 2864 queis
1316 2786 1444 2862 uiuimu,
1467 2789 1537 2849 rebu
1559 2798 1688 2865 potesse3

864 2886 966 2946 Virtus
985 2897 1043 2961 est,
1066 2885 1179 2947 homini
1200 2885 1274 2946 scire
1296 2885 1328 2944 irl
1347 2886 1430 2962 quod
1450 2904 1586 2963 quaeque
1607 2889 1687 2947 ualet
1708 2907 1752 2947 res
1768 2887 1807 2968 ¹);

864 2985 982 3060 Virtus,
1002 2985 1076 3045 scire
1097 2983 1210 3044 homiui
1232 2995 1345 3044 rectum
1367 2983 1438 3044 utile
1458 2984 1531 3061 quid
1551 2984 1589 3044 sit
1609 2987 1781 3058 honestum,

866 3082 951 3158 Quae
971 3084 1052 3143 bona
1072 3101 1149 3159 quae
1166 3084 1245 3142 mala
1265 3081 1353 3156 item,
1375 3081 1449 3159 quid
1469 3081 1572 3144 inutile
1592 3095 1677 3160 turpe
1699 3082 1902 3152 inhonestum

866 3179 982 3255 Virtus,
1004 3182 1188 3258 quaerendae
1208 3182 1298 3241 finem
1319 3179 1361 3240 rei
1380 3179 1455 3241 scire
1475 3183 1675 3259 modumque;

865 3277 982 3352 Virtus,
1002 3277 1114 3338 diuitiis
1134 3277 1261 3355 pretium
1282 3280 1448 3355 persoluere
1470 3297 1571 3356 posse;

867 3376 982 3450 Virtus,
1004 3375 1035 3436 id
1055 3377 1125 3437 dare
1145 3377 1228 3453 quod
1248 3396 1279 3436 re
1300 3377 1363 3454 ipsa
1383 3377 1506 3438 debetur
1526 3376 1632 3438 honori
1652 3396 1712 3454 eqs.

587 3537 716 3623 uides,
742 3539 875 3622 cred0,
902 3539 1093 3634 quomodo
1120 3537 1240 3611 uirtus
1266 3537 1376 3611 faciat
1401 3539 1451 3612 ad
1477 3555 1579 3612 recte
1606 3538 1831 3624 uiuendum,
1862 3540 1911 3611 ad
1937 3563 2084 3610 summa

586 3687 685 3759 quae
733 3661 848 3759 uulgo
898 3662 1076 3735 uidentur
1121 3663 1222 3735 bona
1261 3664 1445 3748 taxanda,
1485 3664 1534 3735 ad
1573 3663 1880 3760 consequendum
1920 3663 2084 3760 denique

589 3786 842 3859 Horatianum
868 3787 927 3859 nil
946 3787 1148 3860 admirari.

662 3912 902 3984 Renuentem
938 3911 1089 3984 uirtutis
1126 3912 1278 3985 nomine
1304 3911 1442 3984 iniecto
1469 3911 1732 4008 ridentemque
1758 3911 1972 3984 Numicium
1999 3939 2084 3984 cum

589 4035 719 4108 uidere
754 4035 824 4108 sibi
861 4036 1056 4121 uideatur,
1092 4035 1274 4109 Horatius
1308 4035 1361 4109 ita
1387 4037 1532 4132 pergit:
1572 4037 1751 4108 ur'rtulem
1778 4037 1892 4109 uerba
1909 4047 2028 4132 putas
2051 4048 2088 4109 el

588 4160 712 4232 lucum
737 4161 876 4258 lagno?
913 4177 992 4232 tum
1018 4186 1111 4233 sane
1137 4159 1227 4234 nihil
1255 4177 1374 4233 restat
1400 4187 1514 4258 quam
1542 4176 1584 4233 ut
1610 4159 1712 4257 uulgi
1740 4187 1845 4234 more
1871 4161 1978 4233 uiuas
2004 4162 2085 4234 siue

589 4285 829 4356 conradendo
855 4309 949 4379 opes
975 4285 1075 4357 bona
1100 4284 1228 4358 omnia
1246 4283 1352 4358 facile
1367 4286 1594 4382 praebentes
1610 4285 1785 4383 (32—48)
1801 4285 1882 4358 siue
1896 4286 2085 4382 captando

589 4407 726 4481 ciuium
754 4407 922 4480 fauorem
951 4408 1084 4503 (49—5
1090 4409 1126 4505 5)
1155 4409 1235 4481 siue
1262 4407 1453 4481 luxuriose
1467 4409 1617 4505 agendo
1634 4408 1809 4507 (56-64)
1826 4409 1908 4482 siue
1922 4411 2086 4507 denique

589 4533 752 4606 amando
781 4533 840 4630 (65
869 4533 954 4630 sq).
995 4559 1093 4629 quae
1130 4533 1280 4630 singula
1317 4533 1379 4605 ubi
1418 4533 1542 4629 lepide
1569 4534 1768 4631 descripsit
1795 4535 1945 4640 insertis
1971 4535 2084 4608 etiam

591 4656 880 4729 narratiunculis
907 4657 1059 4742 iocosis
1086 4659 1116 4730 si
1144 4659 1298 4731 tandem
1326 4658 1500 4730 Numicio
1528 4657 1703 4731 ualedicit
1730 4659 1786 4732 his
1812 4660 1939 4732 uerbis
1962 4660 2090 4755 siquid

590 4781 733 4853 nouz'stz'
755 4806 853 4878 eqs,
880 4781 1004 4854 lenem
1032 4782 1240 4855 irrisionem
1268 4807 1336 4879 per
1360 4780 1518 4855 alteram
1545 4783 1719 4856 carminis
1746 4801 1893 4879 partem
1915 4809 2085 4880 sparsam

591 4920 631 4977 et
666 4905 702 4977 in
730 4904 805 4977 fine
831 4905 1006 5003 praefert,
1048 4933 1122 4980 non
1150 4905 1267 4980 ualuit
1292 4924 1420 4980 autem
1448 4906 1486 4979 id
1512 4908 1614 5004 quod
1640 4908 1853 4980 docendum
1879 4923 1983 4994 erat,
2016 4908 2087 4981 uir-

592 5045 714 5102 tutem
742 5030 889 5103 unicam
916 5031 964 5103 ad
991 5047 1092 5102 recte
1119 5030 1325 5104 uiuendum
1351 5057 1435 5104 esse
1461 5032 1616 5117 ducem,
1652 5031 1784 5104 melius
1811 5032 1946 5105 docere
1972 5057 2085 5129 quam

592 5152 776 5249 exemplis
811 5154 892 5226 istis
926 5179 973 5226 ex
1008 5155 1196 5227 contrario
1228 5154 1358 5250 petitis
1384 5171 1424 5228 et
1448 5157 1496 5228 ad
1525 5155 1638 5228 risum
1665 5157 1895 5228 mouendum
1923 5156 2084 5244 idoneis;

593 5302 717 5375 neque
756 5279 951 5351 Numicius
991 5277 1157 5376 perlecta
1195 5277 1358 5375 epistula
1393 5278 1515 5353 facere
1553 5280 1676 5376 potuit
1709 5281 1800 5377 quin
1838 5281 2015 5353 transiret
2049 5282 2086 5353 in

593 5400 689 5474 illius
723 5403 971 5488 sententiam,
1012 5428 1096 5474 cum
1133 5403 1354 5499 praesertim
1392 5420 1434 5475 ut
1468 5402 1585 5477 libere
1611 5404 1837 5477 concederet
1864 5405 2088 5479 inuitaretur

593 5525 702 5598 amici
729 5525 860 5598 melius
886 5525 1081 5599 consilium
1109 5552 1242 5623 rogare
1269 5553 1310 5600 se
1337 5527 1516 5624 fingentis
1542 5528 1717 5602 clausula.

657 5776 679 5852 ¹)
700 5778 785 5835 ualet
803 5795 853 5836 rer
872 5775 987 5854 scripsi:
1011 5777 1123 5836 lrabeat
1141 5797 1191 5836 rer
1212 5779 1310 5854 uulgo.
