5240 7396
1318 939 1366 1012 24

593 1139 692 1212 bene
718 1138 955 1228 retinebitur,
983 1140 1054 1215 hoc
1079 1141 1110 1215 si
1137 1142 1237 1214 dicet
1252 1140 1466 1240 Horatius:
1494 1139 1602 1212 timet
1627 1137 1709 1211 auis
1736 1135 1995 1221 nihilominus,
2018 1135 2086 1208 sed

594 1279 637 1335 ut
662 1263 783 1361 magis
807 1290 940 1339 secura
966 1282 1124 1363 tutaque
1149 1266 1209 1339 sit.
1250 1266 1350 1338 unde
1376 1287 1569 1362 propono:

1113 1443 1299 1521 Serpentium
1319 1443 1456 1519 adlapsus
1476 1440 1560 1501 timet

1036 1539 1133 1620 Magis
1151 1544 1271 1619 quieta,
1291 1559 1353 1601 non
1374 1550 1407 1599 ut
1427 1538 1503 1600 adsit
1523 1537 1613 1598 auxili

1115 1641 1223 1698 Ianira
1243 1639 1309 1715 plus
1329 1635 1537 1714 praesentibus.

594 1797 913 1895 quemadmodum
948 1797 1049 1883 auiS,
1086 1798 1118 1870 si
1152 1797 1302 1871 adsidet
1336 1797 1444 1883 nid0,
1481 1794 1647 1893 pericula
1681 1794 1790 1868 timet
1815 1795 1942 1868 animo
1968 1794 2089 1890 magis

594 1921 746 2006 sedato,
784 1920 872 1994 licet
906 1946 981 1996 non
1017 1938 1169 2018 praesto
1203 1922 1252 1995 sit
1288 1937 1481 2018 tamquam
1507 1913 1616 2018 'quae
1652 1945 1760 2006 suos,
1799 1919 1830 1992 si
1856 1917 1966 1991 simul
1993 1918 2089 2008 sint,

595 2043 681 2141 plus
718 2044 898 2119 adiuuare
937 2045 1192 2142 periclitantes
1232 2046 1371 2142 possit:
1410 2045 1463 2119 sic
1503 2045 1704 2131 Horatius,
1743 2043 1775 2117 si
1813 2069 1889 2116 una
1921 2044 1971 2117 sit
2005 2068 2089 2116 cum

596 2166 849 2256 Maecenate,
878 2171 1051 2268 quamuis
1085 2172 1266 2267 prodesse
1292 2169 1342 2244 illi
1370 2186 1555 2268 nequeat,
1596 2186 1723 2243 tamen
1751 2169 1895 2242 minore
1921 2168 1958 2240 in
1985 2183 2089 2241 metu

596 2309 674 2367 tam
699 2294 775 2367 cari
800 2294 935 2391 capitis
962 2311 1020 2368 est
1047 2312 1276 2368 uersaturus.

670 2803 807 2900 Epodo
841 2802 936 2875 XVI
972 2802 1154 2877 Horatius
1189 2803 1402 2876 detestatus
1434 2800 1521 2875 belli
1548 2800 1666 2875 ciuilis
1692 2799 1946 2874 calamitatem
1974 2827 2091 2899 popu-

597 2925 736 3000 laribus
782 2927 993 3025 emigrandi
1039 2927 1231 3025 eundique
1268 2927 1317 2999 ad
1356 2924 1496 2999 insulas
1533 2925 1743 2999 fortunatas
1781 2941 1912 2999 auctor
1950 2925 2089 2998 existit.

597 3051 702 3124 cuius
727 3051 903 3162 carminis
929 3079 989 3124 uu.
1019 3075 1064 3145 39
1090 3077 1172 3150 sqq.
1200 3051 1238 3123 hi
1264 3067 1371 3124 sunt:

916 3231 995 3304 Vos,
1016 3228 1123 3307 quibus
1142 3239 1186 3289 est
1205 3229 1313 3303 uirtus,
1335 3229 1508 3290 muliebrem
1529 3229 1623 3290 tollite
1643 3230 1773 3303 luctum,

1057 3329 1181 3388 Etrusca
1200 3337 1314 3404 praeter
1334 3337 1365 3387 et
1384 3327 1484 3388 uolate
1503 3325 1598 3387 litora.

918 3425 982 3485 Nos
1001 3435 1101 3485 manet
1121 3425 1259 3486 Oceanus
1278 3424 1498 3504 circumuagus:
1520 3444 1608 3498 arua,
1627 3426 1714 3486 beata

1059 3524 1197 3583 Petamus
1215 3543 1302 3597 arua,
1323 3521 1429 3584 diuites
1448 3533 1477 3583 et
1498 3521 1621 3598 insulas,

919 3618 1032 3680 Reddit
1052 3619 1103 3682 ubi
1124 3640 1252 3682 cererem
1272 3622 1358 3682 tellus
1378 3619 1490 3680 inarata
1509 3619 1668 3697 quotannis

1061 3719 1099 3778 Et
1120 3716 1254 3796 inputata
1274 3719 1358 3780 floret
1378 3737 1470 3795 usque
1489 3716 1586 3779 uinea.

600 3887 638 3960 in
665 3885 960 3983 interpretandis
986 3885 1112 3958 uerbis
1137 3910 1291 3959 oceanus
1313 3886 1580 3984 circumuogus
1604 3912 1705 3958 arua
1730 3902 1797 3959 aut
1823 3911 1869 3959 eo
1895 3912 1971 3984 quo
1992 3886 2094 3960 dedi—

600 4036 684 4084 mus
729 4011 841 4084 modo
884 4009 1201 4107 interpungentes
1234 4009 1472 4107 coniungunt
1508 4027 1575 4082 aut
1608 4036 1763 4083 oceanus
1796 4011 1935 4083 circum
1971 4036 2095 4108 uagus

599 4161 720 4208 arua:
755 4135 858 4207 beata
879 4144 1056 4230 petamus
1079 4160 1181 4207 arua
1209 4133 1305 4231 (siue
1331 4135 1471 4207 cz'rcum
1497 4160 1622 4232 uagus
1647 4160 1749 4207 arua
1773 4134 1898 4208 beata:
1918 4145 2095 4231 petamus

600 4259 729 4355 arua).
768 4258 946 4356 equidem
982 4283 1084 4331 arua
1120 4259 1281 4344 nudum,
1322 4274 1364 4331 ut
1398 4258 1484 4332 hinc
1510 4259 1729 4355 disputandi
1756 4259 1903 4332 initium
1928 4284 2094 4346 sumam,

601 4382 639 4455 in
677 4399 839 4481 utroque
872 4408 957 4455 cum
991 4382 1251 4457 adiacentibus
1287 4382 1463 4455 nectendi
1495 4383 1608 4456 modo
1635 4409 1753 4480 praue
1777 4408 1820 4457 se
1845 4384 1985 4457 habere
2011 4409 2096 4456 con-

601 4507 729 4581 tendo.
770 4522 812 4579 ut
845 4507 946 4580 enim
980 4506 1155 4604 exemplo
1190 4507 1281 4605 quid
1315 4507 1476 4581 sentiam
1502 4507 1779 4593 demonstrem,
1807 4508 1961 4581 Aeneas
1986 4508 2096 4582 sociis

601 4629 772 4704 laborum
807 4630 932 4704 dicere
966 4631 1110 4728 potuit:
1143 4641 1319 4728 petamus
1352 4631 1528 4718 Italiam,
1568 4631 1725 4703 Ilalz'am
1758 4632 1900 4704 beatam
1926 4630 2097 4733 fatz'sque

602 4754 704 4828 nobis
728 4780 952 4841 concessam,
980 4756 1078 4829 iusta
1104 4754 1349 4853 legitimaque
1374 4755 1608 4852 gradatione.
1635 4756 1703 4828 sed
1730 4755 1820 4853 quid
1845 4756 1916 4828 hoc
1920 4766 2097 4852 petamus

601 4906 722 4966 arua,
748 4905 849 4952 arua
874 4880 976 4953 beata
994 4880 1075 4953 siue
1088 4878 1249 4976 simplex
1264 4878 1354 4953 illud
1359 4890 1535 4976 petamus
1549 4906 1650 4953 arua
1664 4880 1735 4952 sibi
1748 4879 1846 4953 uelle
1858 4880 2097 4954 statuemus?

604 5030 691 5078 nam
716 5020 755 5078 et
779 5031 881 5077 arua
906 5005 1105 5078 cuiuslibet
1131 5021 1253 5078 terrae
1279 5021 1369 5078 sunt
1395 5019 1435 5077 et
1459 5030 1561 5077 arua
1586 5004 1689 5078 beata
1707 5029 1829 5102 aeque
1851 5005 2097 5102 atquellalia

604 5131 693 5202 una'
719 5145 778 5202 est
812 5129 1082 5227 indiuiduaque
1117 5130 1222 5202 notio
1256 5147 1308 5215 rot,
1334 5146 1475 5226 μακάρων
1503 5145 1607 5214 νήσους
1642 5129 1843 5203 Hesiodias
1869 5130 2096 5226 exprimens.

605 5253 734 5351 itaque
758 5253 790 5325 si
817 5254 1028 5327 necessario
1054 5254 1258 5327 cohaerent
1283 5281 1384 5328 arua
1409 5255 1512 5328 beata
1538 5255 1748 5352 eademque
1775 5254 1994 5352 neutiquam
2014 5280 2098 5352 pos-

604 5393 694 5450 sunt
728 5377 883 5451 indicari
909 5377 989 5451 solo
1016 5377 1200 5451 uocabulo
1225 5404 1344 5464 arua,
1381 5378 1542 5452 alterum
1570 5395 1694 5452 utrum
1718 5404 1819 5451 arua
1846 5379 2023 5451 uitiosum
2049 5379 2098 5452 sit

605 5518 768 5598 oportet.
808 5518 1023 5575 utrumnam
1059 5519 1187 5576 autem
1222 5501 1303 5576 loco
1338 5503 1473 5588 cedere
1504 5503 1643 5576 debeat
1669 5528 1767 5576 nunc
1793 5503 2001 5576 eruendum
2027 5519 2097 5576 est.

606 5625 802 5700 Oceanum
812 5626 1098 5725 circumuagum
1111 5626 1244 5700 uolunt
1257 5652 1341 5700 esse
1363 5639 1513 5727 ᾰπὸῥρων,
1538 5644 1635 5702 πάντα
1657 5636 1827 5704 κυκλοῡιτα.
1855 5653 1931 5701 non
1954 5653 2098 5725 urgueo

606 5749 804 5848 epitheton
829 5749 1094 5851 circumuagus
1119 5776 1202 5825 esse
1229 5750 1472 5838 insolentius,
1499 5778 1584 5825 cum
1610 5752 1733 5851 poetis
1751 5752 1876 5826 latinis
1896 5753 1957 5827 ille
1970 5753 2099 5827 audiat

606 5872 851 5988 circumituros
876 5891 915 5948 et
939 5874 1193 5975 circumfusus
1217 5892 1257 5949 et
1282 5886 1400 5948 tolum
1424 5877 1547 5950 orbem
1573 5877 1806 5973 amplectens:
1845 5891 1972 5975 potest
1997 5877 2098 5950 enim
