5240 7396
1303 995 1349 1066 26

579 1198 700 1271 uitata
722 1197 827 1282 ferri,
854 1197 1017 1269 absurde
1039 1212 1098 1269 est
1120 1195 1259 1268 fictum.
1286 1194 1348 1267 alii
1373 1193 1507 1267 siluam
1530 1195 1793 1268 densissimam
1808 1213 1847 1268 et
1860 1195 2075 1268 hominibus

578 1321 656 1395 fere
683 1323 911 1395 inaccessam
938 1321 1041 1394 innui
1067 1321 1184 1394 aiunt.
1211 1321 1249 1392 in
1276 1346 1390 1418 quam
1417 1345 1493 1416 quo
1520 1321 1673 1393 tandem
1697 1319 1851 1392 consilio
1865 1320 2076 1416 concipitur

579 1447 728 1519 inruere
752 1463 978 1532 torrentem,
1006 1446 1111 1518 cuius
1125 1445 1182 1518 uis
1195 1445 1318 1518 omnis
1333 1442 1555 1518 naturaliter
1568 1445 1617 1516 ibi
1633 1443 1829 1541 frangatur
1842 1444 2076 1541 pereatque?

580 1596 704 1668 neque
719 1587 846 1644 tamen
861 1571 898 1642 in
912 1569 993 1644 solo
1006 1596 1120 1644 sensu
1134 1571 1344 1654 haeremus.
1365 1594 1451 1646 nam
1467 1567 1633 1664 uulgaris
1648 1569 1878 1642 constructio
1892 1594 1976 1641 cum
1990 1595 2075 1643 con·

579 1695 703 1792 iungit
718 1693 857 1796 fertur
882 1720 954 1790 quo
974 1705 1085 1788 rara·
1103 1695 1262 1779 securas,
1278 1693 1803 1800 neglegitatqueposthabet
1817 1693 2075 1768 Romanorum

579 1821 615 1892 in
643 1819 769 1892 uerbis
794 1818 1020 1892 collocandis
1045 1819 1369 1892 consuetudinem.
1409 1843 1507 1915 quae
1528 1817 1633 1891 'enim
1650 1823 1719 1900 ,est
1740 1817 1855 1914 ¹huius
1888 1821 2076 1893 enuntiati

578 1945 842 2030 conformati0,
869 1944 901 2016 si
928 1943 990 2016 illo
1016 1970 1092 2042 quo
1119 1943 1251 2016 uolunt
1277 1944 1390 2016 modo
1406 1941 1546 2043 fertur
1560 1968 1645 2014 cum
1666 1925 1807 2014 secures
1820 1943 2075 2039 copulandum

578 2087 655 2156 est,
692 2071 822 2166 utique
857 2065 1052 2166 flagitatur
1083 2095 1155 2165 quo
1171 2067 1310 2169 fertur
1335 2094 1434 2141 rara
1459 2067 1610 2140 securri.
1637 2066 1812 2164 quocirca
1839 2069 1965 2164 potius
1991 2094 2076 2141 con-

578 2197 801 2268 struendum
832 2212 909 2267 est:
945 2194 1094 2279 ruebat,
1118 2191 1270 2288 flumen
1296 2203 1340 2264 ut
1362 2192 1560 2269 hibernum
1577 2190 1727 2292 fertur.
1767 2209 1807 2264 et
1834 2192 1903 2266 hoc
1930 2194 2076 2266 uerissi-

579 2347 681 2394 mum
724 2345 808 2393 esse
846 2320 1112 2394 obseruatione
1151 2320 1315 2417 quadam
1354 2317 1511 2390 metrica
1548 2318 1646 2390 bene
1683 2316 1921 2390 confirmauit
1958 2334 2075 2417 atque

577 2444 761 2520 stabiliuit
800 2445 1043 2518 Hermannus
1083 2445 1277 2518 Usenerus
1317 2469 1408 2514 mus
1450 2442 1572 2514 Rhen.
1609 2441 1744 2515 XXIV
1782 2467 1817 2537 p.
1856 2448 1946 2535 346;
1988 2470 2074 2518 nam

579 2570 755 2643 Kellerus
781 2595 865 2642 cum
893 2568 1196 2666 Epilegomenon
1223 2594 1258 2664 p.
1286 2591 1359 2659 490
1385 2565 1474 2638 illud
1491 2564 1632 2667 fertur
1658 2583 1746 2663 post
1759 2567 1892 2639 ruebat
1910 2568 2074 2641 otiosum

509 2669 513 2680 ι
579 2722 663 2769 esse
696 2694 830 2779 obicit,
866 2693 956 2766 nihil
992 2692 1117 2766 obicit.
1159 2693 1288 2789 itaque
1313 2693 1450 2777 uerba,
1477 2715 1577 2788 quae
1602 2716 1625 2763 a
1650 2691 1842 2765 sententia
1868 2693 2075 2766 tenebrico-

578 2821 725 2893 sissima
757 2844 841 2891 esse
876 2819 988 2891 modo
1022 2818 1274 2914 optinuimus,
1310 2817 1384 2890 iam
1412 2815 1473 2889 illo
1489 2815 1629 2917 fertur
1656 2815 1805 2912 priuata
1831 2817 1944 2913 plane
1971 2819 2074 2891 nihili

577 2963 676 3018 sunt.
713 2943 940 3017 emendandi
975 2942 1091 3039 igitur
1116 2942 1281 3038 periculo
1307 2967 1391 3014 cum
1418 2966 1514 3038 opus
1539 2941 1607 3025 sit,
1635 2956 1836 3037 postquam
1866 2941 2075 3016 Peerlkam-

579 3071 663 3168 pius
698 3071 748 3142 ab
782 3068 884 3141 omni
920 3067 1244 3140 uerisimilitudine
1278 3067 1523 3139 abhorrentia
1557 3065 1734 3162 protulit,
1772 3067 1966 3142 Usenerus
2001 3068 2022 3141 l.
2051 3069 2073 3142 l.

579 3195 777 3292 proposuit
793 3192 933 3294 fertur
949 3202 1025 3288 per
1050 3218 1151 3265 rura
1178 3191 1411 3290 Srgambris‚
1439 3192 1635 3287 ingeniose
1660 3185 1762 3265 sane.
1790 3193 1858 3264 sed
1884 3218 2010 3290 neque
2037 3194 2074 3267 id

578 3320 681 3417 quod
715 3344 790 3391 uox
824 3344 895 3415 quo
930 3317 1150 3389 mutationis
1185 3332 1331 3413 partem
1367 3316 1481 3387 sumit
1516 3341 1640 3413 neque
1670 3341 1761 3388 uero
1787 3317 2074 3414 Sigambrorum

578 3443 721 3516 mentio
764 3443 801 3514 in
845 3442 1010 3539 imagine
1048 3440 1169 3537 magis
1207 3439 1376 3537 generali
1416 3439 1549 3537 placet.
1597 3465 1827 3538 quamquam
1866 3444 1958 3539 quid
1995 3442 2074 3516 sere

578 3567 810 3665 postuletur,
851 3583 953 3639 recte
992 3564 1053 3638 ille
1091 3564 1286 3637 diuinauit.
1305 3574 1309 3581 '
1327 3589 1411 3636 cum
1449 3563 1528 3636 sale
1566 3563 1706 3637 multus
1745 3566 1887 3640 fluebat
1926 3569 2074 3642 Persius

579 3692 637 3788 (cs.
666 3720 700 3765 u.
725 3695 806 3789 27);
834 3708 1039 3787 utcumque
1065 3689 1140 3762 sors
1166 3687 1322 3773 obtulit,
1348 3706 1441 3784 apta
1466 3689 1597 3786 inepta
1621 3690 1781 3787 arripuit
1807 3691 1919 3764 homo
1946 3691 2073 3790 loqua-

524 3899 527 3906 ,
577 3817 747 3889 cissimus
773 3817 811 3888 in
838 3816 960 3888 omnis
987 3831 1115 3911 partes
1141 3829 1327 3909 euagatus
1353 3813 1676 3911 exspatiatusque.
1717 3815 1852 3888 ruebat
1877 3843 1970 3913 ergo

897 3994 1020 4052 Flumen
1043 4005 1075 4050 ut
1095 3991 1250 4051 hibemum
1272 3992 1374 4064 fertur,
1397 4007 1458 4068 quo
1479 4012 1560 4051 rura
1574 4001 1745 4068 patescunt.

577 4153 619 4227 cf.
656 4153 906 4226 Mamertinus
946 4153 983 4224 in
1021 4152 1251 4249 panegyrico
1284 4153 1333 4224 ad
1369 4153 1642 4225 Maximianum
1678 4153 1897 4250 Augustum
1933 4180 2013 4252 cap.
2051 4177 2069 4250 5

579 4279 630 4378 (p.
666 4302 735 4372 93,
777 4302 820 4349 22
861 4277 949 4349 edit.
991 4279 1134 4374 mcae):
1175 4286 1246 4349 loto
1283 4277 1418 4372 quippe
1445 4277 1591 4372 proelio
1616 4275 1814 4377 ferebare,
1854 4305 1928 4351 non
1961 4281 2073 4353 aliter

574 4429 689 4500 quam
716 4411 879 4501 magnus
903 4403 1028 4474 arnm's
1052 4403 1142 4474 solet
1164 4402 1330 4474 hibernis
1355 4401 1535 4474 imbribus
1560 4413 1692 4473 auctus
1712 4413 1749 4473 el
1770 4403 2072 4499 m'uz'buspassz'm

566 4525 713 4622 fluere,
739 4553 814 4624 qua
840 4536 993 4622 campus
1017 4537 1080 4599 est.
1108 4526 1281 4599 extitisse
1307 4526 1458 4598 uidetur
1483 4526 1520 4598 in
1534 4527 1692 4623 antiquo
1713 4526 1920 4622 exemplari
1934 4529 2073 4626 omissa

578 4669 652 4725 una
688 4650 834 4748 syllaba
870 4679 942 4748 quo
980 4679 1027 4724 ra
1062 4662 1262 4748 patescunt
1272 4680 1278 4737 ;
1318 4652 1420 4748 quod
1455 4677 1580 4724 crassa
1615 4651 1790 4725 Minerua
1825 4652 1861 4724 in
1898 4653 1935 4724 id
1970 4656 2073 4750 quod

576 4776 724 4849 codices
750 4776 867 4848 nostri
894 4776 1077 4848 exhibent
1103 4775 1273 4873 legitque
1300 4775 1507 4871 Porphyrio
1534 4774 1704 4848 relictum
1731 4794 1799 4848 est.

650 5309 728 5384 Sat.
759 5311 771 5382 l
803 5332 865 5394 10,
892 5314 940 5401 64
966 5334 1067 5406 sqq:

1218 5460 1301 5521 suerit
1323 5460 1470 5534 Lucilius,
1492 5460 1630 5538 iuquam,

938 5558 1040 5620 Comis
1060 5569 1089 5619 et
1111 5561 1255 5631 urbanus,
1275 5558 1360 5619 suerit
1382 5558 1509 5619 limatior
1530 5558 1609 5619 idem

936 5656 1034 5732 Quam
1055 5655 1135 5716 rudis
1155 5667 1184 5717 et
1205 5655 1326 5716 Graecis
1346 5655 1448 5716 intacti
1469 5656 1607 5716 carminis
1626 5670 1731 5718 auctor

936 5752 1095 5831 Quamque
1115 5764 1267 5831 poetarum
1288 5752 1436 5814 seniorum
1457 5755 1557 5814 turba:
1579 5755 1631 5815 sed
1652 5753 1701 5816 ille

935 5851 965 5913 Si
986 5853 1060 5912 soret
1081 5854 1138 5912 hoc
1159 5863 1290 5912 nostrum
1311 5854 1372 5913 sato
1393 5854 1528 5930 delapsus
1548 5852 1578 5913 in
1599 5873 1722 5928 aeuum,

935 5952 1084 6011 Detereret
1105 5949 1161 6010 sibi
1182 5952 1274 6012 multa
1294 5971 1353 6027 eqs.
