<?xml version="1.0" encoding="UTF-8"?>
<!DOCTYPE html PUBLIC "-//W3C//DTD XHTML 1.0 Transitional//EN"
    "http://www.w3.org/TR/xhtml1/DTD/xhtml1-transitional.dtd">
<html xmlns="http://www.w3.org/1999/xhtml" xml:lang="en" lang="en">
 <head>
  <title>
</title>
<meta http-equiv="Content-Type" content="text/html;charset=utf-8" />
  <meta name='ocr-system' content='tesseract 3.04.00' />
  <meta name='ocr-capabilities' content='ocr_page ocr_carea ocr_par ocr_line ocrx_word'/>
</head>
<body>
  <div class='ocr_page' id='page_1' title='image "./lectioneshorati00bhgoog_0020.png"; bbox 0 0 5240 7396; ppageno 0'>
   <div class='ocr_carea' id='block_1_1' title="bbox 1326 982 1371 1052">
    <p class='ocr_par' dir='ltr' id='par_1_1' title="bbox 1326 982 1371 1052">
     <span class='ocr_line' id='line_1_1' title="bbox 1326 982 1371 1052; baseline 0 0"><span class='ocrx_word' id='word_1_1' title='bbox 1326 982 1371 1052; x_wconf 88' lang='lat'>13</span> 
     </span>
    </p>
   </div>
   <div class='ocr_carea' id='block_1_2' title="bbox 594 1180 2092 2147">
    <p class='ocr_par' dir='ltr' id='par_1_2' title="bbox 594 1180 2092 2147">
     <span class='ocr_line' id='line_1_2' title="bbox 595 1180 2092 1280; baseline 0.003 -29"><span class='ocrx_word' id='word_1_2' title='bbox 595 1180 718 1253; x_wconf 94' lang='lat' dir='ltr'>minus</span> <span class='ocrx_word' id='word_1_3' title='bbox 751 1198 912 1278; x_wconf 89' lang='lat' dir='ltr'>apparet</span> <span class='ocrx_word' id='word_1_4' title='bbox 946 1206 993 1255; x_wconf 92' lang='lat' dir='ltr'>eo</span> <span class='ocrx_word' id='word_1_5' title='bbox 1027 1180 1169 1255; x_wconf 80' lang='lat' dir='ltr'>facilius</span> <span class='ocrx_word' id='word_1_6' title='bbox 1202 1183 1318 1256; x_wconf 89' lang='lat' dir='ltr'>errari</span> <span class='ocrx_word' id='word_1_7' title='bbox 1346 1183 1537 1278; x_wconf 89' lang='lat' dir='ltr'>potuisse,</span> <span class='ocrx_word' id='word_1_8' title='bbox 1573 1207 1649 1280; x_wconf 94' lang='lat' dir='ltr'>quo</span> <span class='ocrx_word' id='word_1_9' title='bbox 1685 1181 1902 1256; x_wconf 87' lang='lat' dir='ltr'>similiorem</span> <span class='ocrx_word' id='word_1_10' title='bbox 1929 1209 2003 1255; x_wconf 91' lang='lat' dir='ltr'>uox</span> <span class='ocrx_word' id='word_1_11' title='bbox 2028 1209 2092 1280; x_wconf 93' lang='lat' dir='ltr'>ge-</span> 
     </span>
     <span class='ocr_line' id='line_1_3' title="bbox 596 1304 2092 1404; baseline 0.004 -28"><span class='ocrx_word' id='word_1_12' title='bbox 596 1304 711 1378; x_wconf 90' lang='lat' dir='ltr'>nuina</span> <span class='ocrx_word' id='word_1_13' title='bbox 758 1304 924 1400; x_wconf 92' lang='lat' dir='ltr'>speciem</span> <span class='ocrx_word' id='word_1_14' title='bbox 972 1307 1184 1403; x_wconf 87' lang='lat' dir='ltr'><strong>praeberet.</strong></span> <span class='ocrx_word' id='word_1_15' title='bbox 1237 1307 1365 1404; x_wconf 90' lang='lat' dir='ltr'>itaque</span> <span class='ocrx_word' id='word_1_16' title='bbox 1413 1307 1678 1380; x_wconf 88' lang='lat' dir='ltr'>Lachmannus</span> <span class='ocrx_word' id='word_1_17' title='bbox 1723 1331 1862 1402; x_wconf 89' lang='lat' dir='ltr'>magno</span> <span class='ocrx_word' id='word_1_18' title='bbox 1901 1306 2092 1382; x_wconf 86' lang='lat' dir='ltr'>molimine</span> 
     </span>
     <span class='ocr_line' id='line_1_4' title="bbox 594 1429 2091 1529; baseline 0.002 -29"><span class='ocrx_word' id='word_1_19' title='bbox 594 1429 762 1502; x_wconf 87' lang='lat' dir='ltr'>scribens</span> <span class='ocrx_word' id='word_1_20' title='bbox 787 1429 961 1503; x_wconf 70' lang='lat' dir='ltr'>subsrilz&#39;zs</span> <span class='ocrx_word' id='word_1_21' title='bbox 987 1431 1208 1529; x_wconf 70' lang='lat' dir='ltr'>magnasque</span> <span class='ocrx_word' id='word_1_22' title='bbox 1230 1431 1451 1527; x_wconf 66' lang='lat' dir='ltr'>elephantis,</span> <span class='ocrx_word' id='word_1_23' title='bbox 1467 1456 1696 1528; x_wconf 90' lang='lat' dir='ltr'>quamquam</span> <span class='ocrx_word' id='word_1_24' title='bbox 1716 1431 1822 1504; x_wconf 89' lang='lat' dir='ltr'>dedit</span> <span class='ocrx_word' id='word_1_25' title='bbox 1835 1456 1934 1528; x_wconf 90' lang='lat' dir='ltr'>quae</span> <span class='ocrx_word' id='word_1_26' title='bbox 1951 1430 2091 1504; x_wconf 92' lang='lat' dir='ltr'>iustum</span> 
     </span>
     <span class='ocr_line' id='line_1_5' title="bbox 595 1551 2091 1652; baseline 0.001 -26"><span class='ocrx_word' id='word_1_27' title='bbox 595 1554 739 1627; x_wconf 91' lang='lat' dir='ltr'>habent</span> <span class='ocrx_word' id='word_1_28' title='bbox 764 1551 1016 1640; x_wconf 88' lang='lat' dir='ltr'>intellectum,</span> <span class='ocrx_word' id='word_1_29' title='bbox 1043 1555 1092 1627; x_wconf 95' lang='lat' dir='ltr'>ab</span> <span class='ocrx_word' id='word_1_30' title='bbox 1119 1553 1181 1629; x_wconf 90' lang='lat' dir='ltr'>illa</span> <span class='ocrx_word' id='word_1_31' title='bbox 1207 1572 1335 1629; x_wconf 90' lang='lat' dir='ltr'>tamen</span> <span class='ocrx_word' id='word_1_32' title='bbox 1362 1571 1471 1652; x_wconf 88' lang='lat' dir='ltr'>parte</span> <span class='ocrx_word' id='word_1_33' title='bbox 1497 1580 1652 1652; x_wconf 91' lang='lat' dir='ltr'>operam</span> <span class='ocrx_word' id='word_1_34' title='bbox 1666 1553 1773 1642; x_wconf 90' lang='lat' dir='ltr'>lusit;</span> <span class='ocrx_word' id='word_1_35' title='bbox 1801 1556 1940 1629; x_wconf 90' lang='lat' dir='ltr'>Munro</span> <span class='ocrx_word' id='word_1_36' title='bbox 1962 1572 2091 1629; x_wconf 90' lang='lat' dir='ltr'>autem</span> 
     </span>
     <span class='ocr_line' id='line_1_6' title="bbox 596 1677 2090 1778; baseline 0.001 -28"><span class='ocrx_word' id='word_1_37' title='bbox 596 1678 692 1751; x_wconf 91' lang='lat' dir='ltr'>hanc</span> <span class='ocrx_word' id='word_1_38' title='bbox 725 1677 875 1774; x_wconf 86' lang='lat' dir='ltr'>culpam</span> <span class='ocrx_word' id='word_1_39' title='bbox 911 1678 1098 1752; x_wconf 92' lang='lat' dir='ltr'>uitaturus</span> <span class='ocrx_word' id='word_1_40' title='bbox 1132 1704 1217 1751; x_wconf 93' lang='lat' dir='ltr'>cum</span> <span class='ocrx_word' id='word_1_41' title='bbox 1252 1679 1440 1753; x_wconf 91' lang='lat' dir='ltr'>coniceret</span> <span class='ocrx_word' id='word_1_42' title='bbox 1470 1680 1644 1752; x_wconf 72' lang='lat' dir='ltr'>subsidias</span> <span class='ocrx_word' id='word_1_43' title='bbox 1669 1681 1820 1778; x_wconf 80' lang='lat' dir='ltr'>magm&#39;s</span> <span class='ocrx_word' id='word_1_44' title='bbox 1843 1690 2003 1753; x_wconf 79' lang='lat' dir='ltr'>elerum</span> <span class='ocrx_word' id='word_1_45' title='bbox 2030 1681 2090 1767; x_wconf 81' lang='lat' dir='ltr'>ui,</span> 
     </span>
     <span class='ocr_line' id='line_1_7' title="bbox 596 1801 2091 1900; baseline 0.003 -27"><span class='ocrx_word' id='word_1_46' title='bbox 596 1801 723 1875; x_wconf 90' lang='lat' dir='ltr'>inania</span> <span class='ocrx_word' id='word_1_47' title='bbox 756 1802 874 1875; x_wconf 90' lang='lat' dir='ltr'>uerba</span> <span class='ocrx_word' id='word_1_48' title='bbox 908 1802 1045 1899; x_wconf 91' lang='lat' dir='ltr'>posuit.</span> <span class='ocrx_word' id='word_1_49' title='bbox 1081 1802 1172 1900; x_wconf 94' lang='lat' dir='ltr'>quid</span> <span class='ocrx_word' id='word_1_50' title='bbox 1206 1802 1334 1875; x_wconf 91' lang='lat' dir='ltr'>enim?</span> <span class='ocrx_word' id='word_1_51' title='bbox 1374 1803 1456 1900; x_wconf 90' lang='lat' dir='ltr'>ipsa</span> <span class='ocrx_word' id='word_1_52' title='bbox 1489 1801 1681 1900; x_wconf 88' lang='lat' dir='ltr'>legionum</span> <span class='ocrx_word' id='word_1_53' title='bbox 1714 1803 1882 1877; x_wconf 92' lang='lat' dir='ltr'>subsidia</span> <span class='ocrx_word' id='word_1_54' title='bbox 1906 1830 1990 1877; x_wconf 93' lang='lat' dir='ltr'>cum</span> <span class='ocrx_word' id='word_1_55' title='bbox 2016 1804 2091 1878; x_wconf 89' lang='lat' dir='ltr'>iam</span> 
     </span>
     <span class='ocr_line' id='line_1_8' title="bbox 595 1925 2091 2026; baseline 0.003 -28"><span class='ocrx_word' id='word_1_56' title='bbox 595 1926 815 1998; x_wconf 88' lang='lat' dir='ltr'>contineant</span> <span class='ocrx_word' id='word_1_57' title='bbox 850 1925 1018 2023; x_wconf 89' lang='lat' dir='ltr'>equites,</span> <span class='ocrx_word' id='word_1_58' title='bbox 1059 1951 1185 1999; x_wconf 91' lang='lat' dir='ltr'>nonne</span> <span class='ocrx_word' id='word_1_59' title='bbox 1210 1926 1394 2000; x_wconf 88' lang='lat' dir='ltr'>inutiliter</span> <span class='ocrx_word' id='word_1_60' title='bbox 1418 1927 1579 2001; x_wconf 90' lang='lat' dir='ltr'>adicitur</span> <span class='ocrx_word' id='word_1_61' title='bbox 1604 1926 1694 2000; x_wconf 95' lang='lat' dir='ltr'>illud</span> <span class='ocrx_word' id='word_1_62' title='bbox 1718 1939 1755 2000; x_wconf 81' lang='lat' dir='ltr'>cl</span> <span class='ocrx_word' id='word_1_63' title='bbox 1775 1954 1877 2000; x_wconf 82' lang='lat' dir='ltr'>ecum</span> <span class='ocrx_word' id='word_1_64' title='bbox 1903 1927 1970 2001; x_wconf 83' lang='lat' dir='ltr'>ui?</span> <span class='ocrx_word' id='word_1_65' title='bbox 1997 1945 2091 2026; x_wconf 93' lang='lat' dir='ltr'>puto</span> 
     </span>
     <span class='ocr_line' id='line_1_9' title="bbox 596 2050 1313 2147; baseline 0.003 -26"><span class='ocrx_word' id='word_1_66' title='bbox 596 2075 687 2147; x_wconf 89' lang='lat' dir='ltr'>eg0,</span> <span class='ocrx_word' id='word_1_67' title='bbox 716 2050 879 2123; x_wconf 90' lang='lat' dir='ltr'>Lucretii</span> <span class='ocrx_word' id='word_1_68' title='bbox 906 2075 990 2123; x_wconf 88' lang='lat' dir='ltr'>esse</span> <span class='ocrx_word' id='word_1_69' title='bbox 1016 2051 1115 2123; x_wconf 92' lang='lat' dir='ltr'>hunc</span> <span class='ocrx_word' id='word_1_70' title='bbox 1141 2075 1313 2124; x_wconf 89' lang='lat' dir='ltr'>uersum:</span> 
     </span>
    </p>
   </div>
   <div class='ocr_carea' id='block_1_3' title="bbox 1027 2227 1659 2306">
    <p class='ocr_par' dir='ltr' id='par_1_3' title="bbox 1027 2227 1659 2306">
     <span class='ocr_line' id='line_1_10' title="bbox 1027 2227 1659 2306; baseline 0.008 -19"><span class='ocrx_word' id='word_1_71' title='bbox 1027 2227 1170 2288; x_wconf 90' lang='lat' dir='ltr'>Subsidiis</span> <span class='ocrx_word' id='word_1_72' title='bbox 1190 2228 1304 2306; x_wconf 86' lang='lat' dir='ltr'>magnis</span> <span class='ocrx_word' id='word_1_73' title='bbox 1323 2249 1428 2289; x_wconf 84' lang='lat' dir='ltr'>secure</span> <span class='ocrx_word' id='word_1_74' title='bbox 1448 2228 1659 2292; x_wconf 75' lang='lat' dir='ltr'>constabilita-5.</span> 
     </span>
    </p>
   </div>
   <div class='ocr_carea' id='block_1_4' title="bbox 594 2385 2089 2608">
    <p class='ocr_par' dir='ltr' id='par_1_4' title="bbox 594 2385 2089 2608">
     <span class='ocr_line' id='line_1_11' title="bbox 594 2385 2089 2485; baseline 0.003 -27"><span class='ocrx_word' id='word_1_75' title='bbox 594 2385 770 2460; x_wconf 92' lang='lat' dir='ltr'>dicuntur</span> <span class='ocrx_word' id='word_1_76' title='bbox 804 2385 973 2484; x_wconf 87' lang='lat' dir='ltr'>legiones</span> <span class='ocrx_word' id='word_1_77' title='bbox 1009 2387 1061 2460; x_wconf 90' lang='lat' dir='ltr'>ita</span> <span class='ocrx_word' id='word_1_78' title='bbox 1094 2388 1346 2461; x_wconf 91' lang='lat' dir='ltr'>subsidiorum</span> <span class='ocrx_word' id='word_1_79' title='bbox 1382 2389 1499 2485; x_wconf 92' lang='lat' dir='ltr'>copiis</span> <span class='ocrx_word' id='word_1_80' title='bbox 1533 2389 1773 2463; x_wconf 86' lang='lat' dir='ltr'>abundantes</span> <span class='ocrx_word' id='word_1_81' title='bbox 1808 2407 1849 2463; x_wconf 93' lang='lat' dir='ltr'>ut</span> <span class='ocrx_word' id='word_1_82' title='bbox 1886 2391 1923 2463; x_wconf 93' lang='lat' dir='ltr'>in</span> <span class='ocrx_word' id='word_1_83' title='bbox 1957 2416 2089 2464; x_wconf 92' lang='lat' dir='ltr'>omnes</span> 
     </span>
     <span class='ocr_line' id='line_1_12' title="bbox 594 2509 1317 2608; baseline 0.003 -26"><span class='ocrx_word' id='word_1_84' title='bbox 594 2509 681 2583; x_wconf 92' lang='lat' dir='ltr'>belli</span> <span class='ocrx_word' id='word_1_85' title='bbox 708 2536 816 2584; x_wconf 89' lang='lat' dir='ltr'>casus</span> <span class='ocrx_word' id='word_1_86' title='bbox 842 2527 949 2584; x_wconf 91' lang='lat' dir='ltr'>tutae</span> <span class='ocrx_word' id='word_1_87' title='bbox 974 2536 1205 2608; x_wconf 91' lang='lat' dir='ltr'>securaeque</span> <span class='ocrx_word' id='word_1_88' title='bbox 1231 2513 1317 2585; x_wconf 90' lang='lat' dir='ltr'>sint.</span> 
     </span>
    </p>
   </div>
   <div class='ocr_carea' id='block_1_5' title="bbox 592 3037 2087 3249">
    <p class='ocr_par' dir='ltr' id='par_1_5' title="bbox 592 3037 2087 3249">
     <span class='ocr_line' id='line_1_13' title="bbox 667 3037 2087 3137; baseline 0.001 -27"><span class='ocrx_word' id='word_1_89' title='bbox 667 3037 804 3111; x_wconf 90' lang='lat' dir='ltr'>Nobile</span> <span class='ocrx_word' id='word_1_90' title='bbox 838 3039 886 3111; x_wconf 92' lang='lat' dir='ltr'>de</span> <span class='ocrx_word' id='word_1_91' title='bbox 922 3039 1043 3112; x_wconf 87' lang='lat' dir='ltr'>lamae</span> <span class='ocrx_word' id='word_1_92' title='bbox 1076 3037 1297 3137; x_wconf 86' lang='lat' dir='ltr'>gloriaeque</span> <span class='ocrx_word' id='word_1_93' title='bbox 1331 3064 1421 3112; x_wconf 91' lang='lat' dir='ltr'>suae</span> <span class='ocrx_word' id='word_1_94' title='bbox 1455 3037 1683 3111; x_wconf 89' lang='lat' dir='ltr'>aeternitate</span> <span class='ocrx_word' id='word_1_95' title='bbox 1717 3038 1954 3125; x_wconf 90' lang='lat' dir='ltr'>uaticinium,</span> <span class='ocrx_word' id='word_1_96' title='bbox 1985 3040 2087 3137; x_wconf 93' lang='lat' dir='ltr'>quod</span> 
     </span>
     <span class='ocr_line' id='line_1_14' title="bbox 592 3162 2016 3249; baseline 0 -13"><span class='ocrx_word' id='word_1_97' title='bbox 592 3179 699 3236; x_wconf 89' lang='lat' dir='ltr'>extat</span> <span class='ocrx_word' id='word_1_98' title='bbox 724 3163 783 3236; x_wconf 93' lang='lat' dir='ltr'>od.</span> <span class='ocrx_word' id='word_1_99' title='bbox 812 3163 843 3235; x_wconf 98' lang='lat' dir='ltr'>ll</span> <span class='ocrx_word' id='word_1_100' title='bbox 871 3185 937 3249; x_wconf 85' lang='lat'>20,</span> <span class='ocrx_word' id='word_1_101' title='bbox 963 3163 1012 3236; x_wconf 90' lang='lat' dir='ltr'>ab</span> <span class='ocrx_word' id='word_1_102' title='bbox 1038 3163 1140 3236; x_wconf 93' lang='lat' dir='ltr'>hisce</span> <span class='ocrx_word' id='word_1_103' title='bbox 1167 3163 1349 3236; x_wconf 87' lang='lat' dir='ltr'>Horatius</span> <span class='ocrx_word' id='word_1_104' title='bbox 1377 3163 1502 3236; x_wconf 86' lang='lat' dir='ltr'>uerbis</span> <span class='ocrx_word' id='word_1_105' title='bbox 1530 3163 1676 3235; x_wconf 92' lang='lat' dir='ltr'>initium</span> <span class='ocrx_word' id='word_1_106' title='bbox 1702 3188 1851 3236; x_wconf 91' lang='lat' dir='ltr'>sumere</span> <span class='ocrx_word' id='word_1_107' title='bbox 1878 3162 2016 3236; x_wconf 93' lang='lat' dir='ltr'>uoluit:</span> 
     </span>
    </p>
   </div>
   <div class='ocr_carea' id='block_1_6' title="bbox 1030 3339 1741 4104">
    <p class='ocr_par' dir='ltr' id='par_1_6' title="bbox 1030 3339 1741 4104">
     <span class='ocr_line' id='line_1_15' title="bbox 1033 3339 1503 3402; baseline 0.002 -3"><span class='ocrx_word' id='word_1_108' title='bbox 1033 3341 1103 3402; x_wconf 92' lang='lat' dir='ltr'>Non</span> <span class='ocrx_word' id='word_1_109' title='bbox 1124 3339 1230 3402; x_wconf 85' lang='lat' dir='ltr'>usitata</span> <span class='ocrx_word' id='word_1_110' title='bbox 1249 3360 1307 3401; x_wconf 89' lang='lat' dir='ltr'>nec</span> <span class='ocrx_word' id='word_1_111' title='bbox 1326 3339 1408 3401; x_wconf 86' lang='lat' dir='ltr'>tenui</span> <span class='ocrx_word' id='word_1_112' title='bbox 1429 3341 1503 3400; x_wconf 81' lang='lat' dir='ltr'>ferar</span> 
     </span>
     <span class='ocr_line' id='line_1_16' title="bbox 1031 3436 1662 3516; baseline 0.003 -19"><span class='ocrx_word' id='word_1_113' title='bbox 1031 3440 1134 3498; x_wconf 86' lang='lat' dir='ltr'>Penna</span> <span class='ocrx_word' id='word_1_114' title='bbox 1153 3437 1285 3500; x_wconf 81' lang='lat' dir='ltr'>biformis</span> <span class='ocrx_word' id='word_1_115' title='bbox 1305 3436 1524 3516; x_wconf 88' lang='lat' dir='ltr'>perliquidum</span> <span class='ocrx_word' id='word_1_116' title='bbox 1544 3440 1662 3500; x_wconf 82' lang='lat' dir='ltr'>aethera</span> 
     </span>
     <span class='ocr_line' id='line_1_17' title="bbox 1071 3535 1608 3614; baseline 0.004 -20"><span class='ocrx_word' id='word_1_117' title='bbox 1071 3538 1176 3611; x_wconf 77' lang='lat' dir='ltr'>Vates,</span> <span class='ocrx_word' id='word_1_118' title='bbox 1198 3555 1294 3614; x_wconf 87' lang='lat' dir='ltr'>neque</span> <span class='ocrx_word' id='word_1_119' title='bbox 1314 3535 1346 3596; x_wconf 91' lang='lat' dir='ltr'>in</span> <span class='ocrx_word' id='word_1_120' title='bbox 1366 3535 1448 3598; x_wconf 87' lang='lat' dir='ltr'>terris</span> <span class='ocrx_word' id='word_1_121' title='bbox 1468 3537 1608 3598; x_wconf 88' lang='lat' dir='ltr'>morabor</span> 
     </span>
     <span class='ocr_line' id='line_1_18' title="bbox 1112 3633 1568 3713; baseline -0.002 -18"><span class='ocrx_word' id='word_1_122' title='bbox 1112 3633 1259 3712; x_wconf 86' lang='lat' dir='ltr'>Longius,</span> <span class='ocrx_word' id='word_1_123' title='bbox 1279 3633 1453 3713; x_wconf 87' lang='lat' dir='ltr'>inuidiaque</span> <span class='ocrx_word' id='word_1_124' title='bbox 1472 3633 1568 3696; x_wconf 88' lang='lat' dir='ltr'>maior</span> 
     </span>
     <span class='ocr_line' id='line_1_19' title="bbox 1031 3731 1665 3811; baseline 0.003 -21"><span class='ocrx_word' id='word_1_125' title='bbox 1031 3732 1127 3792; x_wconf 79' lang='lat' dir='ltr'>Urbes</span> <span class='ocrx_word' id='word_1_126' title='bbox 1148 3731 1322 3809; x_wconf 86' lang='lat' dir='ltr'>relinquam.</span> <span class='ocrx_word' id='word_1_127' title='bbox 1342 3751 1405 3795; x_wconf 91' lang='lat' dir='ltr'>non</span> <span class='ocrx_word' id='word_1_128' title='bbox 1425 3752 1481 3811; x_wconf 85' lang='lat' dir='ltr'>ego</span> <span class='ocrx_word' id='word_1_129' title='bbox 1502 3751 1665 3810; x_wconf 86' lang='lat' dir='ltr'>pauperum</span> 
     </span>
     <span class='ocr_line' id='line_1_20' title="bbox 1030 3828 1741 3908; baseline 0 -18"><span class='ocrx_word' id='word_1_130' title='bbox 1030 3828 1154 3908; x_wconf 87' lang='lat' dir='ltr'>Sanguis</span> <span class='ocrx_word' id='word_1_131' title='bbox 1174 3841 1345 3907; x_wconf 87' lang='lat' dir='ltr'>parentum,</span> <span class='ocrx_word' id='word_1_132' title='bbox 1366 3848 1429 3890; x_wconf 92' lang='lat' dir='ltr'>non</span> <span class='ocrx_word' id='word_1_133' title='bbox 1450 3849 1506 3908; x_wconf 89' lang='lat' dir='ltr'>ego</span> <span class='ocrx_word' id='word_1_134' title='bbox 1526 3849 1615 3907; x_wconf 91' lang='lat' dir='ltr'>quem</span> <span class='ocrx_word' id='word_1_135' title='bbox 1636 3848 1741 3904; x_wconf 86' lang='lat' dir='ltr'>uocas,</span> 
     </span>
     <span class='ocr_line' id='line_1_21' title="bbox 1071 3926 1495 4004; baseline 0.009 -18"><span class='ocrx_word' id='word_1_136' title='bbox 1071 3927 1186 3988; x_wconf 88' lang='lat' dir='ltr'>Dilecte</span> <span class='ocrx_word' id='word_1_137' title='bbox 1207 3929 1380 4004; x_wconf 81' lang='lat' dir='ltr'>Maecenas,</span> <span class='ocrx_word' id='word_1_138' title='bbox 1402 3926 1495 3990; x_wconf 92' lang='lat' dir='ltr'>obibo</span> 
     </span>
     <span class='ocr_line' id='line_1_22' title="bbox 1110 4025 1587 4104; baseline -0.004 -18"><span class='ocrx_word' id='word_1_139' title='bbox 1110 4027 1175 4086; x_wconf 88' lang='lat' dir='ltr'>Nec</span> <span class='ocrx_word' id='word_1_140' title='bbox 1195 4025 1296 4104; x_wconf 84' lang='lat' dir='ltr'>Stygia</span> <span class='ocrx_word' id='word_1_141' title='bbox 1316 4025 1478 4087; x_wconf 89' lang='lat' dir='ltr'>cohibebor</span> <span class='ocrx_word' id='word_1_142' title='bbox 1498 4025 1587 4085; x_wconf 90' lang='lat' dir='ltr'>unda.</span> 
     </span>
    </p>
   </div>
   <div class='ocr_carea' id='block_1_7' title="bbox 582 4182 2085 6025">
    <p class='ocr_par' dir='ltr' id='par_1_7' title="bbox 582 4182 2085 6025">
     <span class='ocr_line' id='line_1_23' title="bbox 590 4182 2084 4283; baseline 0.001 -25"><span class='ocrx_word' id='word_1_143' title='bbox 590 4204 791 4283; x_wconf 88' lang='lat' dir='ltr'>postquam</span> <span class='ocrx_word' id='word_1_144' title='bbox 826 4184 970 4270; x_wconf 92' lang='lat' dir='ltr'>omnia,</span> <span class='ocrx_word' id='word_1_145' title='bbox 1006 4201 1046 4257; x_wconf 94' lang='lat' dir='ltr'>et</span> <span class='ocrx_word' id='word_1_146' title='bbox 1084 4185 1182 4257; x_wconf 91' lang='lat' dir='ltr'>inter</span> <span class='ocrx_word' id='word_1_147' title='bbox 1212 4210 1258 4258; x_wconf 92' lang='lat' dir='ltr'>ea</span> <span class='ocrx_word' id='word_1_148' title='bbox 1284 4185 1519 4282; x_wconf 91' lang='lat' dir='ltr'>ineptissima</span> <span class='ocrx_word' id='word_1_149' title='bbox 1544 4182 1681 4269; x_wconf 88' lang='lat' dir='ltr'>multa,</span> <span class='ocrx_word' id='word_1_150' title='bbox 1709 4199 1897 4281; x_wconf 90' lang='lat' dir='ltr'>temptata</span> <span class='ocrx_word' id='word_1_151' title='bbox 1921 4203 2010 4259; x_wconf 92' lang='lat' dir='ltr'>sunt</span> <span class='ocrx_word' id='word_1_152' title='bbox 2035 4187 2084 4260; x_wconf 86' lang='lat' dir='ltr'>ad</span> 
     </span>
     <span class='ocr_line' id='line_1_24' title="bbox 589 4307 2083 4406; baseline 0.001 -23"><span class='ocrx_word' id='word_1_153' title='bbox 589 4309 812 4406; x_wconf 89' lang='lat' dir='ltr'>explicanda</span> <span class='ocrx_word' id='word_1_154' title='bbox 846 4310 963 4382; x_wconf 90' lang='lat' dir='ltr'>uerba</span> <span class='ocrx_word' id='word_1_155' title='bbox 995 4335 1101 4406; x_wconf 78' lang='lat' dir='ltr'>quem</span> <span class='ocrx_word' id='word_1_156' title='bbox 1136 4335 1264 4395; x_wconf 84' lang='lat' dir='ltr'>uocas,</span> <span class='ocrx_word' id='word_1_157' title='bbox 1303 4309 1415 4383; x_wconf 91' lang='lat' dir='ltr'>hodie</span> <span class='ocrx_word' id='word_1_158' title='bbox 1449 4310 1548 4382; x_wconf 89' lang='lat' dir='ltr'>inter</span> <span class='ocrx_word' id='word_1_159' title='bbox 1582 4309 1725 4404; x_wconf 90' lang='lat' dir='ltr'>peritos</span> <span class='ocrx_word' id='word_1_160' title='bbox 1758 4307 1836 4382; x_wconf 90' lang='lat' dir='ltr'>sere</span> <span class='ocrx_word' id='word_1_161' title='bbox 1861 4325 2011 4383; x_wconf 87' lang='lat' dir='ltr'>constat</span> <span class='ocrx_word' id='word_1_162' title='bbox 2035 4312 2083 4384; x_wconf 89' lang='lat' dir='ltr'>de</span> 
     </span>
     <span class='ocr_line' id='line_1_25' title="bbox 589 4432 2083 4532; baseline 0.001 -25"><span class='ocrx_word' id='word_1_163' title='bbox 589 4460 718 4507; x_wconf 89' lang='lat' dir='ltr'>eorum</span> <span class='ocrx_word' id='word_1_164' title='bbox 757 4433 1040 4531; x_wconf 89' lang='lat' dir='ltr'>deprauatione.</span> <span class='ocrx_word' id='word_1_165' title='bbox 1089 4459 1320 4532; x_wconf 91' lang='lat' dir='ltr'>quamquam</span> <span class='ocrx_word' id='word_1_166' title='bbox 1367 4435 1466 4506; x_wconf 90' lang='lat' dir='ltr'>inter</span> <span class='ocrx_word' id='word_1_167' title='bbox 1503 4433 1738 4506; x_wconf 88' lang='lat' dir='ltr'>coniecturas</span> <span class='ocrx_word' id='word_1_168' title='bbox 1777 4432 1943 4530; x_wconf 89' lang='lat' dir='ltr'>prolatas</span> <span class='ocrx_word' id='word_1_169' title='bbox 1982 4435 2083 4509; x_wconf 90' lang='lat' dir='ltr'>nulla</span> 
     </span>
     <span class='ocr_line' id='line_1_26' title="bbox 589 4556 2082 4655; baseline 0 -23"><span class='ocrx_word' id='word_1_170' title='bbox 589 4559 768 4642; x_wconf 90' lang='lat' dir='ltr'>habetur,</span> <span class='ocrx_word' id='word_1_171' title='bbox 803 4583 918 4655; x_wconf 91' lang='lat' dir='ltr'>quam</span> <span class='ocrx_word' id='word_1_172' title='bbox 944 4556 1120 4630; x_wconf 89' lang='lat' dir='ltr'>lubenter</span> <span class='ocrx_word' id='word_1_173' title='bbox 1144 4556 1394 4655; x_wconf 89' lang='lat' dir='ltr'>amplectaris.</span> <span class='ocrx_word' id='word_1_174' title='bbox 1435 4582 1523 4630; x_wconf 93' lang='lat' dir='ltr'>nam</span> <span class='ocrx_word' id='word_1_175' title='bbox 1549 4556 1609 4629; x_wconf 91' lang='lat' dir='ltr'>uel</span> <span class='ocrx_word' id='word_1_176' title='bbox 1636 4573 1892 4630; x_wconf 88' lang='lat' dir='ltr'>commentum</span> <span class='ocrx_word' id='word_1_177' title='bbox 1920 4558 2082 4634; x_wconf 90' lang='lat' dir='ltr'>Bentlei-</span> 
     </span>
     <span class='ocr_line' id='line_1_27' title="bbox 587 4683 2085 4782; baseline 0.001 -25"><span class='ocrx_word' id='word_1_178' title='bbox 587 4709 702 4757; x_wconf 92' lang='lat' dir='ltr'>anum</span> <span class='ocrx_word' id='word_1_179' title='bbox 736 4707 810 4755; x_wconf 83' lang='lat' dir='ltr'>non</span> <span class='ocrx_word' id='word_1_180' title='bbox 842 4707 909 4781; x_wconf 84' lang='lat' dir='ltr'>ego</span> <span class='ocrx_word' id='word_1_181' title='bbox 933 4692 1152 4778; x_wconf 79' lang='lat' dir='ltr'>pauperum</span> <span class='ocrx_word' id='word_1_182' title='bbox 1186 4683 1347 4782; x_wconf 81' lang='lat' dir='ltr'>sanguis</span> <span class='ocrx_word' id='word_1_183' title='bbox 1369 4692 1598 4778; x_wconf 83' lang='lat' dir='ltr'>parentum,</span> <span class='ocrx_word' id='word_1_184' title='bbox 1629 4707 1702 4755; x_wconf 83' lang='lat' dir='ltr'>non</span> <span class='ocrx_word' id='word_1_185' title='bbox 1726 4707 1793 4781; x_wconf 83' lang='lat' dir='ltr'>ego</span> <span class='ocrx_word' id='word_1_186' title='bbox 1817 4709 1924 4778; x_wconf 83' lang='lat' dir='ltr'>quem</span> <span class='ocrx_word' id='word_1_187' title='bbox 1950 4696 2085 4758; x_wconf 67' lang='lat' dir='ltr'>uocant</span> 
     </span>
     <span class='ocr_line' id='line_1_28' title="bbox 587 4804 2081 4905; baseline 0.001 -24"><span class='ocrx_word' id='word_1_188' title='bbox 587 4809 637 4882; x_wconf 94' lang='lat' dir='ltr'>ob</span> <span class='ocrx_word' id='word_1_189' title='bbox 671 4806 876 4904; x_wconf 88' lang='lat' dir='ltr'>repetitum</span> <span class='ocrx_word' id='word_1_190' title='bbox 913 4804 1109 4879; x_wconf 88' lang='lat' dir='ltr'>salsissime</span> <span class='ocrx_word' id='word_1_191' title='bbox 1144 4804 1234 4879; x_wconf 94' lang='lat' dir='ltr'>illud</span> <span class='ocrx_word' id='word_1_192' title='bbox 1268 4833 1343 4879; x_wconf 85' lang='lat' dir='ltr'>non</span> <span class='ocrx_word' id='word_1_193' title='bbox 1376 4833 1443 4905; x_wconf 82' lang='lat' dir='ltr'>ego</span> <span class='ocrx_word' id='word_1_194' title='bbox 1469 4807 1604 4880; x_wconf 92' lang='lat' dir='ltr'>merito</span> <span class='ocrx_word' id='word_1_195' title='bbox 1630 4805 1820 4904; x_wconf 89' lang='lat' dir='ltr'>displicuit</span> <span class='ocrx_word' id='word_1_196' title='bbox 1845 4807 1935 4881; x_wconf 91' lang='lat' dir='ltr'>uiris</span> <span class='ocrx_word' id='word_1_197' title='bbox 1961 4809 2081 4883; x_wconf 91' lang='lat' dir='ltr'>doctis</span> 
     </span>
     <span class='ocr_line' id='line_1_29' title="bbox 589 4928 2080 5031; baseline 0.001 -26"><span class='ocrx_word' id='word_1_198' title='bbox 589 4930 801 5031; x_wconf 84' lang='lat' dir='ltr'>(Kellerum</span> <span class='ocrx_word' id='word_1_199' title='bbox 836 4930 930 5003; x_wconf 90' lang='lat' dir='ltr'>mira</span> <span class='ocrx_word' id='word_1_200' title='bbox 965 4928 1183 5003; x_wconf 88' lang='lat' dir='ltr'>infelicitate</span> <span class='ocrx_word' id='word_1_201' title='bbox 1218 4929 1337 5004; x_wconf 93' lang='lat' dir='ltr'>multa</span> <span class='ocrx_word' id='word_1_202' title='bbox 1370 4931 1580 5006; x_wconf 90' lang='lat' dir='ltr'>certissima</span> <span class='ocrx_word' id='word_1_203' title='bbox 1614 4931 1761 5006; x_wconf 88' lang='lat' dir='ltr'>Bentlei</span> <span class='ocrx_word' id='word_1_204' title='bbox 1797 4932 1954 5006; x_wconf 90' lang='lat' dir='ltr'>inuenta</span> <span class='ocrx_word' id='word_1_205' title='bbox 1978 4959 2080 5030; x_wconf 90' lang='lat' dir='ltr'>sper-</span> 
     </span>
     <span class='ocr_line' id='line_1_30' title="bbox 588 5053 2080 5156; baseline 0.001 -27"><span class='ocrx_word' id='word_1_206' title='bbox 588 5074 761 5142; x_wconf 92' lang='lat' dir='ltr'>nentem,</span> <span class='ocrx_word' id='word_1_207' title='bbox 800 5055 870 5128; x_wconf 92' lang='lat' dir='ltr'>hoc</span> <span class='ocrx_word' id='word_1_208' title='bbox 920 5053 1109 5127; x_wconf 92' lang='lat' dir='ltr'>abiectum</span> <span class='ocrx_word' id='word_1_209' title='bbox 1156 5055 1347 5128; x_wconf 80' lang='lat' dir='ltr'>fouentem</span> <span class='ocrx_word' id='word_1_210' title='bbox 1387 5057 1525 5156; x_wconf 91' lang='lat' dir='ltr'>mitto).</span> <span class='ocrx_word' id='word_1_211' title='bbox 1587 5082 1711 5155; x_wconf 89' lang='lat' dir='ltr'>neque</span> <span class='ocrx_word' id='word_1_212' title='bbox 1750 5083 1823 5154; x_wconf 90' lang='lat' dir='ltr'>ego</span> <span class='ocrx_word' id='word_1_213' title='bbox 1861 5058 1953 5156; x_wconf 93' lang='lat' dir='ltr'>quid</span> <span class='ocrx_word' id='word_1_214' title='bbox 1990 5083 2080 5131; x_wconf 90' lang='lat' dir='ltr'>uere</span> 
     </span>
     <span class='ocr_line' id='line_1_31' title="bbox 585 5179 2079 5280; baseline 0.002 -26"><span class='ocrx_word' id='word_1_215' title='bbox 585 5180 778 5277; x_wconf 90' lang='lat' dir='ltr'>scripserit</span> <span class='ocrx_word' id='word_1_216' title='bbox 814 5195 947 5253; x_wconf 93' lang='lat' dir='ltr'>auctor</span> <span class='ocrx_word' id='word_1_217' title='bbox 976 5179 1053 5253; x_wconf 92' lang='lat' dir='ltr'>scio</span> <span class='ocrx_word' id='word_1_218' title='bbox 1077 5223 1128 5234; x_wconf 93' lang='lat'><em>-</em></span> <span class='ocrx_word' id='word_1_219' title='bbox 1153 5205 1259 5268; x_wconf 89' lang='lat' dir='ltr'>nam,</span> <span class='ocrx_word' id='word_1_220' title='bbox 1286 5197 1329 5254; x_wconf 93' lang='lat' dir='ltr'>ut</span> <span class='ocrx_word' id='word_1_221' title='bbox 1354 5181 1544 5254; x_wconf 92' lang='lat' dir='ltr'>interdum</span> <span class='ocrx_word' id='word_1_222' title='bbox 1570 5180 1709 5255; x_wconf 87' lang='lat' dir='ltr'>factum</span> <span class='ocrx_word' id='word_1_223' title='bbox 1737 5198 1813 5268; x_wconf 89' lang='lat' dir='ltr'>est,</span> <span class='ocrx_word' id='word_1_224' title='bbox 1844 5183 2079 5280; x_wconf 87' lang='lat' dir='ltr'>grammatici</span> 
     </span>
     <span class='ocr_line' id='line_1_32' title="bbox 586 5304 2079 5404; baseline 0.001 -26"><span class='ocrx_word' id='word_1_225' title='bbox 586 5306 712 5379; x_wconf 90' lang='lat' dir='ltr'>omnia</span> <span class='ocrx_word' id='word_1_226' title='bbox 752 5304 960 5402; x_wconf 87' lang='lat' dir='ltr'>genuinum</span> <span class='ocrx_word' id='word_1_227' title='bbox 1001 5305 1212 5400; x_wconf 89' lang='lat' dir='ltr'>reperiendi</span> <span class='ocrx_word' id='word_1_228' title='bbox 1254 5305 1416 5402; x_wconf 90' lang='lat' dir='ltr'>uestigia</span> <span class='ocrx_word' id='word_1_229' title='bbox 1453 5305 1677 5379; x_wconf 90' lang='lat' dir='ltr'>deleuerunt</span> <span class='ocrx_word' id='word_1_230' title='bbox 1713 5349 1782 5392; x_wconf 89' lang='lat'>—,</span> <span class='ocrx_word' id='word_1_231' title='bbox 1833 5308 1901 5380; x_wconf 90' lang='lat' dir='ltr'>sed</span> <span class='ocrx_word' id='word_1_232' title='bbox 1940 5333 2079 5404; x_wconf 90' lang='lat' dir='ltr'>operae</span> 
     </span>
     <span class='ocr_line' id='line_1_33' title="bbox 585 5428 2077 5530; baseline 0.003 -28"><span class='ocrx_word' id='word_1_233' title='bbox 585 5429 748 5526; x_wconf 92' lang='lat' dir='ltr'>pretium</span> <span class='ocrx_word' id='word_1_234' title='bbox 775 5428 872 5501; x_wconf 90' lang='lat' dir='ltr'>duco</span> <span class='ocrx_word' id='word_1_235' title='bbox 898 5429 1065 5502; x_wconf 90' lang='lat' dir='ltr'>indicare</span> <span class='ocrx_word' id='word_1_236' title='bbox 1091 5429 1182 5526; x_wconf 94' lang='lat' dir='ltr'>quid</span> <span class='ocrx_word' id='word_1_237' title='bbox 1207 5429 1285 5502; x_wconf 89' lang='lat' dir='ltr'>sere</span> <span class='ocrx_word' id='word_1_238' title='bbox 1311 5430 1475 5504; x_wconf 91' lang='lat' dir='ltr'>scribere</span> <span class='ocrx_word' id='word_1_239' title='bbox 1501 5430 1677 5504; x_wconf 90' lang='lat' dir='ltr'>debuerit</span> <span class='ocrx_word' id='word_1_240' title='bbox 1702 5429 1822 5504; x_wconf 93' lang='lat' dir='ltr'>idem:</span> <span class='ocrx_word' id='word_1_241' title='bbox 1851 5431 1888 5504; x_wconf 94' lang='lat' dir='ltr'>id</span> <span class='ocrx_word' id='word_1_242' title='bbox 1914 5432 2077 5530; x_wconf 90' lang='lat' dir='ltr'>quippe,</span> 
     </span>
     <span class='ocr_line' id='line_1_34' title="bbox 583 5552 2078 5653; baseline 0.003 -27"><span class='ocrx_word' id='word_1_243' title='bbox 583 5580 812 5652; x_wconf 89' lang='lat' dir='ltr'>quamquam</span> <span class='ocrx_word' id='word_1_244' title='bbox 846 5554 969 5627; x_wconf 91' lang='lat' dir='ltr'>adhuc</span> <span class='ocrx_word' id='word_1_245' title='bbox 1004 5552 1132 5640; x_wconf 90' lang='lat' dir='ltr'>latuit,</span> <span class='ocrx_word' id='word_1_246' title='bbox 1169 5571 1273 5627; x_wconf 90' lang='lat' dir='ltr'>certo</span> <span class='ocrx_word' id='word_1_247' title='bbox 1305 5555 1555 5629; x_wconf 90' lang='lat' dir='ltr'>demonstrari</span> <span class='ocrx_word' id='word_1_248' title='bbox 1593 5570 1731 5652; x_wconf 92' lang='lat' dir='ltr'>potest.</span> <span class='ocrx_word' id='word_1_249' title='bbox 1771 5556 1873 5653; x_wconf 93' lang='lat' dir='ltr'>quod</span> <span class='ocrx_word' id='word_1_250' title='bbox 1902 5556 2003 5629; x_wconf 93' lang='lat' dir='ltr'>enim</span> <span class='ocrx_word' id='word_1_251' title='bbox 2029 5557 2078 5630; x_wconf 93' lang='lat' dir='ltr'>ad</span> 
     </span>
     <span class='ocr_line' id='line_1_35' title="bbox 583 5677 2078 5776; baseline 0.003 -26"><span class='ocrx_word' id='word_1_252' title='bbox 583 5677 653 5752; x_wconf 93' lang='lat' dir='ltr'>loci</span> <span class='ocrx_word' id='word_1_253' title='bbox 687 5679 826 5752; x_wconf 90' lang='lat' dir='ltr'>attinet</span> <span class='ocrx_word' id='word_1_254' title='bbox 860 5678 1110 5764; x_wconf 90' lang='lat' dir='ltr'>sententiam,</span> <span class='ocrx_word' id='word_1_255' title='bbox 1145 5679 1334 5753; x_wconf 89' lang='lat' dir='ltr'>dubitatio</span> <span class='ocrx_word' id='word_1_256' title='bbox 1370 5704 1445 5753; x_wconf 93' lang='lat' dir='ltr'>non</span> <span class='ocrx_word' id='word_1_257' title='bbox 1482 5695 1542 5752; x_wconf 88' lang='lat' dir='ltr'>est</span> <span class='ocrx_word' id='word_1_258' title='bbox 1571 5679 1662 5776; x_wconf 91' lang='lat' dir='ltr'>quin</span> <span class='ocrx_word' id='word_1_259' title='bbox 1694 5678 1945 5753; x_wconf 90' lang='lat' dir='ltr'>humilitatem</span> <span class='ocrx_word' id='word_1_260' title='bbox 1970 5707 2078 5754; x_wconf 89' lang='lat' dir='ltr'>suam</span> 
     </span>
     <span class='ocr_line' id='line_1_36' title="bbox 583 5802 2077 5902; baseline 0.001 -26"><span class='ocrx_word' id='word_1_261' title='bbox 583 5804 759 5901; x_wconf 89' lang='lat' dir='ltr'>designet</span> <span class='ocrx_word' id='word_1_262' title='bbox 786 5802 959 5892; x_wconf 90' lang='lat' dir='ltr'>Flaccus;</span> <span class='ocrx_word' id='word_1_263' title='bbox 986 5804 1305 5901; x_wconf 92' lang='lat' dir='ltr'>quemadmodum</span> <span class='ocrx_word' id='word_1_264' title='bbox 1332 5803 1428 5877; x_wconf 88' lang='lat' dir='ltr'>dixit</span> <span class='ocrx_word' id='word_1_265' title='bbox 1454 5804 1502 5876; x_wconf 97' lang='lat' dir='ltr'>lll</span> <span class='ocrx_word' id='word_1_266' title='bbox 1531 5826 1596 5896; x_wconf 87' lang='lat'>30,</span> <span class='ocrx_word' id='word_1_267' title='bbox 1628 5827 1671 5877; x_wconf 92' lang='lat'>10</span> <span class='ocrx_word' id='word_1_268' title='bbox 1696 5829 1778 5902; x_wconf 93' lang='lat' dir='ltr'>sqq.</span> <span class='ocrx_word' id='word_1_269' title='bbox 1804 5805 1933 5877; x_wconf 76' lang='lat' dir='ltr'>dz&#39;car.</span> <span class='ocrx_word' id='word_1_270' title='bbox 1950 5863 1957 5877; x_wconf 96' lang='lat'>.</span> <span class='ocrx_word' id='word_1_271' title='bbox 1973 5863 2005 5877; x_wconf 94' lang='lat'>..</span> <span class='ocrx_word' id='word_1_272' title='bbox 2027 5830 2077 5877; x_wconf 85' lang='lat' dir='ltr'>ex</span> 
     </span>
     <span class='ocr_line' id='line_1_37' title="bbox 582 5928 2074 6025; baseline 0.001 -25"><span class='ocrx_word' id='word_1_273' title='bbox 582 5928 719 6000; x_wconf 76' lang='lat' dir='ltr'>humili</span> <span class='ocrx_word' id='word_1_274' title='bbox 741 5937 875 6023; x_wconf 78' lang='lat' dir='ltr'>potens</span> <span class='ocrx_word' id='word_1_275' title='bbox 892 5929 1070 6025; x_wconf 81' lang='lat' dir='ltr'>princeps</span> <span class='ocrx_word' id='word_1_276' title='bbox 1095 5928 1268 6000; x_wconf 80' lang='lat' dir='ltr'>Aeolium</span> <span class='ocrx_word' id='word_1_277' title='bbox 1303 5953 1453 6001; x_wconf 81' lang='lat' dir='ltr'>carmen</span> <span class='ocrx_word' id='word_1_278' title='bbox 1486 5929 1540 6000; x_wconf 87' lang='lat' dir='ltr'>ad</span> <span class='ocrx_word' id='word_1_279' title='bbox 1565 5929 1684 6002; x_wconf 79' lang='lat' dir='ltr'>Italos</span> <span class='ocrx_word' id='word_1_280' title='bbox 1720 5929 1917 6002; x_wconf 68' lang='lat' dir='ltr'>dedum’sse</span> <span class='ocrx_word' id='word_1_281' title='bbox 1942 5929 2074 6002; x_wconf 83' lang='lat' dir='ltr'>modos.</span> 
     </span>
    </p>
   </div>
   <div class='ocr_carea' id='block_1_8' title="bbox 0 0 2624 7396">
    <p class='ocr_par' dir='ltr' id='par_1_8' title="bbox 0 0 2624 7396">
     <span class='ocr_line' id='line_1_38' title="bbox 0 0 2624 7396; baseline 0 6"><span class='ocrx_word' id='word_1_282' title='bbox 0 0 2624 7396; x_wconf 95' lang='lat' dir='ltr'> </span> 
     </span>
    </p>
   </div>
  </div>
 </body>
</html>
