5240 7396
1285 1023 1330 1094 27

557 1245 696 1316 magna
731 1246 855 1318 neque
889 1222 1012 1294 adhuc
1047 1223 1259 1319 composita
1293 1222 1338 1295 lis
1373 1240 1432 1296 est
1459 1224 1558 1297 inter
1582 1225 1851 1320 grammaticos
1877 1225 1925 1296 de
1952 1224 2055 1296 rudis

557 1361 597 1417 et
630 1344 786 1417 Graecis
825 1345 955 1418 intacti
991 1346 1166 1418 carminis
1199 1365 1364 1421 auctore.
1404 1364 1444 1421 et
1477 1348 1511 1421 ei
1543 1348 1696 1445 quidem
1724 1349 1788 1447 qui
1815 1365 1960 1421 certum
1992 1347 2055 1420 ali-

557 1493 670 1566 quem
698 1488 850 1566 poetam
877 1471 1161 1543 commemorari
1189 1488 1328 1568 putant
1354 1473 1391 1545 in
1417 1474 1512 1546 duas
1539 1489 1667 1569 partes
1693 1474 1911 1547 discedunt:
1945 1472 2053 1546 alteri

558 1593 682 1689 ipsum
722 1594 925 1680 Lucilium,
973 1594 1081 1667 alteri
1131 1595 1295 1668 Ennium
1344 1596 1416 1670 dici
1462 1597 1532 1670 sibi
1582 1614 1861 1694 persuaserunt.
1912 1598 1980 1670 sed
2022 1596 2053 1669 si

558 1719 676 1791 uerba
709 1717 789 1803 illa,
827 1735 869 1790 ut
904 1735 1006 1792 recte
1037 1718 1104 1804 fit,
1140 1719 1371 1816 explicamus
1405 1747 1518 1818 quom
1553 1732 1683 1795 auctor
1717 1723 1899 1795 carminis
1923 1721 2058 1794 inculti

557 1844 723 1939 quodque
755 1843 972 1916 litterarum
1014 1845 1250 1918 Graecorum
1298 1846 1444 1918 nullum
1481 1845 1664 1948 praefert
1695 1847 1915 1945 uestigium,
1954 1847 2051 1920 scire

557 1969 734 2064 equidem
775 1967 886 2041 uelim
922 1995 998 2066 quo
1033 1970 1145 2042 modo
1180 1995 1226 2042 ea
1260 1971 1449 2067 quadrent
1482 1997 1566 2043 cum
1601 1971 1640 2043 in
1674 1997 1806 2044 omnes
1849 1970 2053 2067 scriptores

559 2109 646 2188 post
693 2093 855 2189 primum
903 2092 1051 2166 bellum.
1082 2095 1261 2166 Punicum
1301 2095 1477 2191 uigentes
1517 2095 1575 2190 (cs.
1617 2095 1751 2169 Horat.
1790 2096 1899 2192 epist.
1940 2096 1971 2168 II
2015 2119 2052 2180 1,

563 2223 630 2311 156
655 2220 755 2315 sqq.)
793 2235 872 2290 tum
913 2218 949 2290 in
986 2219 1151 2291 Ennium
1190 2236 1230 2291 et
1265 2218 1448 2292 Lucilium
1483 2246 1659 2317 graecam
1698 2220 1950 2293 eruditionem
1986 2245 2055 2317 per

557 2343 684 2416 omnia
717 2344 975 2416 ostendentes
1015 2343 1102 2416 nolo
1137 2361 1264 2416 autem
1298 2361 1384 2417 acta
1420 2361 1460 2417 ut
1487 2345 1593 2418 aiunt
1618 2370 1747 2442 agere;
1776 2362 1817 2416 tu
1845 2343 1929 2442 lege
1955 2370 2054 2442 quae

557 2468 808 2564 scripserunt,
850 2485 890 2540 ut
925 2468 1024 2540 inter
1061 2483 1232 2541 recentes
1268 2494 1327 2540 me
1362 2469 1595 2554 contineam,
1636 2470 1677 2543 L.
1718 2469 1924 2542 Muellerus
1959 2453 2052 2542 mus.

559 2591 680 2664 Rhen.
719 2592 890 2666 XXVIII
926 2619 960 2689 p.
996 2597 1068 2686 636
1102 2618 1183 2690 sqq.
1220 2609 1260 2666 et
1296 2593 1504 2666 Teuffelius
1539 2594 1626 2666 ibid.
1656 2595 1777 2666 XXX
1804 2600 1915 2692 p.623
1949 2620 2051 2692 sqq:

558 2717 704 2789 uidebis
742 2733 944 2813 utrumque
982 2717 1020 2788 in
1060 2715 1263 2790 refellenda
1296 2718 1487 2791 sententia
1512 2719 1674 2791 aduersa
1699 2744 1782 2791 esse
1809 2720 2054 2816 comproban-

558 2844 666 2928 dum,
705 2843 773 2914 sed
808 2842 1084 2938 inprobandum
1120 2843 1157 2915 in
1191 2844 1450 2915 sustentandis
1480 2843 1597 2940 ipsius
1630 2844 1876 2940 argumentis.
1916 2843 2052 2941 quibus

557 2967 663 3039 adice
698 2993 795 3064 quae
821 2967 885 3064 qui
914 2967 1037 3039 neutri
1064 2967 1231 3064 opinioni
1258 2993 1299 3039 sc
1326 2968 1505 3040 addixere
1532 2968 1771 3065 protulerunt
1797 2969 2053 3066 Nipperdeius

557 3117 685 3189 opusc.
724 3118 758 3188 p.
797 3113 864 3186 505
901 3117 982 3189 sqq.
1019 3109 1058 3165 et
1093 3091 1278 3165 Dziatzko
1314 3119 1406 3164 mus
1443 3093 1565 3166 Rhen.
1603 3094 1772 3193 XXVIII
1809 3119 1844 3191 p,
1877 3097 1942 3188 187
1969 3120 2051 3191 sqq.

558 3217 687 3313 itaque
726 3241 801 3288 non
840 3217 973 3289 dubito
1010 3217 1191 3289 accedere
1230 3217 1284 3289 eis
1321 3218 1385 3313 qui
1424 3217 1631 3290 carminum
1664 3235 1856 3292 auctorem
1889 3217 2052 3316 aliquem

559 3343 681 3439 prisco
708 3341 886 3415 Italorum
914 3366 1071 3414 numero
1096 3341 1276 3414 Saturnio
1303 3367 1434 3414 uersus
1461 3342 1632 3414 horridos
1658 3342 1880 3415 fundentem
1908 3342 2051 3417 intelle-

557 3484 665 3564 gunt.
700 3467 803 3564 quod
839 3467 921 3562 ipsa
955 3491 1001 3540 ea
1034 3491 1148 3562 quam
1184 3490 1392 3562 agnoscere
1428 3466 1517 3538 mihi
1554 3466 1685 3539 uideor
1710 3467 1900 3564 oppositio
1926 3468 1964 3540 in
1991 3495 2051 3540 uu.

557 3596 604 3664 66
643 3607 683 3664 et
716 3595 763 3684 67
799 3590 913 3663 obuia
946 3591 1196 3663 commendat.
1232 3591 1373 3663 etenim
1408 3591 1517 3687 primi
1553 3590 1603 3663 illi
1630 3592 1825 3664 Musarum
1851 3591 2052 3665 latinarum

557 3716 780 3812 scriptoreS,
819 3715 883 3812 qui
918 3714 1054 3787 litteris
1089 3715 1235 3811 graecis
1270 3715 1403 3788 imbuti
1434 3702 1516 3789 arte
1542 3715 1806 3813 qualicumque
1833 3717 2053 3813 pangebant

466 3911 470 3918 .
558 3866 710 3924 uersus,
746 3864 821 3911 non
856 3840 938 3912 sine
972 3839 1151 3936 superbia
1185 3841 1348 3936 quadam
1374 3850 1505 3936 poetas
1538 3866 1580 3913 se
1607 3841 1843 3927 uocitabant,
1870 3842 1943 3915 iam
1970 3841 2053 3937 ipso

558 3964 742 4038 uocabulo
779 3989 918 4061 graeco
952 3989 998 4036 ex
1034 3988 1199 4060 quanam
1235 3962 1363 4036 schola
1396 3982 1524 4037 essent
1560 3964 1716 4061 profecti
1752 3967 1957 4062 prodentes
1993 3965 2051 4062 (cf.

558 4091 600 4164 L.
629 4088 834 4162 Muellerus
861 4089 908 4160 de
936 4114 976 4161 re
1002 4104 1110 4160 metr.
1139 4115 1174 4185 p.
1201 4088 1277 4186 65).
1306 4088 1342 4160 hi
1370 4089 1486 4185 igitur
1512 4089 1637 4162 uerbis
1662 4099 2051 4186 quomquopoolorum

557 4216 745 4287 seniorum
783 4214 913 4297 turbo,
949 4213 987 4284 in
1020 4213 1156 4309 quibus
1183 4212 1272 4285 illud
1290 4223 1492 4309 poetarum
1517 4238 1602 4285 cum
1629 4214 1666 4285 ui
1693 4215 1855 4311 quadam
1882 4231 1941 4286 est
1967 4214 2053 4287 effe-

559 4341 736 4424 rendum,
771 4354 1024 4436 segregantur
1062 4338 1111 4411 ab
1137 4339 1191 4410 eis
1217 4338 1280 4435 qui
1307 4338 1388 4409 sine
1414 4338 1506 4410 artis
1531 4339 1777 4434 graecanicae
1804 4339 1938 4412 notitia
1962 4357 2053 4412 ante

559 4463 706 4538 Liuium
734 4463 995 4536 Andronicum
1022 4463 1209 4558 poeticam
1236 4461 1468 4534 factitabant.
1496 4463 1564 4533 sed
1577 4462 1710 4534 horum
1725 4462 2052 4537 innumerabilium

558 4603 709 4672 uatum,
736 4587 800 4684 qui
827 4588 864 4659 in
892 4587 1018 4660 uarios
1044 4587 1146 4659 uitae
1168 4613 1257 4658 usus
1272 4586 1377 4659 uaria
1390 4611 1636 4683 composuere
1650 4587 1835 4672 carmina,
1849 4613 2052 4685 quemnam

558 4711 740 4785 Horatius
766 4737 849 4784 esse
875 4709 995 4783 uoluit
1019 4721 1207 4783 auctorem
1233 4710 1370 4783 suum?
1396 4736 1529 4784 omnes
1556 4737 1604 4784 ne
1630 4710 1913 4808 intellegamuS,
1940 4713 2053 4787 inter-

557 4836 657 4908 cedit
691 4853 730 4908 et
764 4834 965 4932 singularis
1000 4861 1178 4907 numerus
1211 4846 1342 4908 auctor
1367 4853 1406 4908 et
1433 4835 1515 4932 ipsa
1542 4861 1620 4909 res:
1659 4861 1745 4908 nam
1771 4837 2052 4933 antiquissimos

557 4963 796 5058 maximeque
829 4977 1001 5058 agrestes
1035 4959 1123 5032 lima
1158 4985 1338 5057 superare
1373 4959 1475 5033 nulla
1512 4978 1592 5033 erat
1628 4960 1770 5033 Lucilio
1804 4960 1896 5033 laus.
1937 4988 2052 5034 unum

556 5103 684 5159 autem
719 5085 882 5183 aliquem
919 5102 960 5157 ut
996 5102 1124 5158 mente
1157 5086 1265 5158 nobis
1293 5085 1480 5183 fingamus
1508 5086 1842 5182 (quemadmodum
1869 5085 2053 5159 Dziatzko

556 5212 578 5284 I.
607 5211 628 5284 l.
656 5212 839 5309 cogitauit
864 5214 913 5285 de
939 5211 1088 5284 Numae
1113 5212 1279 5285 carmine
1304 5211 1428 5284 saliari
1456 5211 1568 5308 plane
1594 5209 1930 5306 improbabiliter),
1963 5209 2051 5283 nihil

558 5337 595 5408 in
632 5336 757 5409 uerbis
784 5336 882 5408 inest
907 5337 1009 5432 quod
1036 5337 1205 5409 suadeat.
1243 5337 1292 5408 ad
1319 5361 1417 5433 quae
1442 5335 1587 5409 accedit
1612 5334 1732 5407 altera
1759 5359 1828 5407 res.
1871 5333 2053 5408 Horatius

558 5459 741 5534 Lucilium
777 5486 862 5533 cum
896 5461 1087 5533 seniorum
1123 5476 1321 5556 poetarum
1350 5461 1460 5533 turba
1486 5484 1709 5556 comparans
1736 5484 1824 5530 num
1851 5459 1901 5530 ob
1926 5458 2054 5532 oculos

558 5585 689 5657 habuit
724 5611 781 5658 ex.
816 5610 871 5680 gr.
909 5585 1058 5658 Pacuuii
1086 5583 1330 5682 tragoedias?
1368 5585 1546 5656 iniustum
1573 5608 1870 5680 peruersumque
1897 5600 1989 5679 puto
2015 5583 2053 5655 in

558 5709 810 5782 examinanda
843 5708 1037 5805 scriptoris
1068 5707 1222 5783 alicuius
1248 5707 1337 5780 lima
1363 5709 1513 5780 diuersa
1539 5733 1698 5805 poeseos
1724 5731 1868 5804 genera
1893 5708 1930 5779 in
1957 5733 2054 5781 com-

558 5832 793 5928 parationem
830 5859 984 5906 uocare:
1020 5832 1131 5906 aliam
1167 5834 1368 5905 uerborum
1394 5858 1521 5906 curarn
1548 5858 1662 5929 epos,
1699 5832 1809 5906 aliam
1837 5833 2053 5930 tragoedia,

558 5955 669 6029 aliam
706 5973 834 6031 satura
868 5958 1025 6054 flagitat.
1067 5959 1180 6030 immo
1215 5975 1257 6030 ut
1290 5957 1470 6029 Horatius
1496 5974 1619 6030 semet
1645 5957 1768 6053 ipsum
1796 5975 1837 6029 ut
1862 5957 2053 6030 satiricum
