5240 7396
1309 1030 1334 1098 4

575 1254 728 1303 sensum
753 1228 933 1315 alterum,
960 1229 1032 1303 etsi
1059 1229 1203 1326 priores
1229 1227 1409 1327 philologi
1435 1228 1517 1301 sine
1542 1227 1750 1301 ofsensione
1773 1227 1967 1327 legerunt,
1984 1253 2068 1326 gra-

575 1353 751 1426 uissimae
777 1369 905 1427 tamen
943 1353 1169 1427 dubitationi
1195 1353 1401 1427 obnoxium
1428 1368 1532 1450 puto.
1572 1377 1618 1426 ea
1651 1368 1780 1426 autem
1814 1377 1913 1451 quae
1948 1381 1983 1426 u.
2025 1373 2065 1448 15

573 1492 707 1551 extant
740 1478 938 1551 luctantem
968 1477 1109 1550 Icam'is
1123 1475 1305 1574 fluctibus
1330 1475 1515 1576 Afm'cum
1540 1486 1725 1549 murcator
1751 1487 1915 1550 metuam
1940 1477 2068 1552 multis

572 1593 754 1675 orationis
788 1601 950 1675 flosculis
976 1602 1033 1675 usi
1060 1602 1288 1699 interpretes
1315 1617 1512 1697 exponunt
1537 1602 1673 1674 eodem
1700 1602 1813 1675 modo
1838 1617 1955 1698 atque
1981 1602 2068 1675 Por-

572 1726 728 1823 phyrio,
763 1727 828 1824 qui
862 1726 1011 1800 concise
1044 1726 1118 1798 ait:
1156 1751 1286 1799 semus
1310 1735 1386 1799 est:
1412 1735 1614 1810 mrcator,
1644 1751 1728 1798 cum
1754 1735 2000 1822 tempestatem
2024 1727 2067 1800 in

571 1850 677 1924 mari
690 1852 864 1947 patitur,
890 1851 1070 1925 abhorret
1092 1851 1279 1950 nauigare
1303 1850 1542 1947 etoptatiam
1555 1851 1737 1924 rusticam
1751 1851 1870 1925 uitam
1882 1851 1925 1924 in
1928 1851 2065 1947 patria

570 1999 641 2048 sua
674 1976 812 2058 colem
846 2001 936 2049 mox
969 1975 1034 2048 ubi
1054 1976 1219 2050 suaserit
1234 1975 1467 2072 periculum,
1493 1975 1645 2048 eandam
1670 1975 1790 2048 m'tam
1815 1975 1950 2071 repetit
1959 2004 1973 2058 ,·
1989 1984 2066 2071 per

569 2099 671 2196 quod
700 2099 858 2199 colligit,
894 2101 1076 2173 mmimm
1092 2109 1203 2196 posse
1226 2099 1337 2172 alz'ud
1357 2124 1469 2198 agam
1493 2124 1607 2196 quam
1632 2100 1735 2196 quod
1754 2100 1949 2173 commm't.
1989 2125 2067 2197 qua

571 2221 823 2320 explicatione
847 2240 1005 2321 accepta
1029 2224 1156 2297 omnia
1177 2223 1333 2321 egregie
1350 2223 1556 2320 procedere
1570 2225 1655 2321 quis
1669 2223 1894 2321 negauerit?
1920 2224 2065 2322 quippe

570 2363 700 2420 amant
734 2348 812 2422 sere
846 2363 983 2446 poetae
1010 2364 1180 2433 ueteres,
1207 2349 1297 2420 dum
1323 2347 1580 2421 saeuientibus
1605 2348 1744 2421 circum
1770 2349 2063 2445 tempestatibus

570 2470 630 2544 uel
657 2472 740 2569 ipse
765 2471 827 2546 ille
851 2473 977 2546 audax
1002 2487 1119 2545 nauta
1145 2471 1312 2569 trepidat
1338 2487 1442 2545 metu
1469 2470 1682 2568 perculsus,
1709 2472 1900 2545 hominem
1926 2473 2063 2547 misere

569 2595 750 2670 iactatum
779 2597 938 2694 ¹fingere
981 2597 1094 2670 sortis
1135 2620 1227 2669 suae
1265 2610 1480 2693 pertaesum
1518 2596 1763 2694 securiusque
1801 2597 1904 2670 uitae
1940 2622 2063 2694 genus

569 2720 860 2795 desiderantem.
900 2746 923 2795 a
960 2747 1037 2819 qua
1073 2721 1304 2819 cogitatione
1342 2720 1489 2793 initiuin
1527 2720 1689 2818 sumpsit
1727 2721 1909 2794 Horatius
1943 2721 1982 2794 in
2017 2747 2064 2796 eo

568 2845 754 2933 carmine,
781 2847 884 2944 quod
910 2846 1040 2919 itidem
1067 2848 1115 2919 ad
1142 2846 1405 2919 Maecenatem
1432 2845 1586 2919 missum
1612 2845 1849 2919 sermonibus
1865 2845 1944 2919 suis
1957 2871 2063 2943 prae-

570 2969 652 3043 fixit
691 2970 776 3068 (sat.
812 2971 827 3043 l
858 2995 896 3056 1,
925 2995 945 3065 3
972 2969 1084 3069 sqq).
1132 2985 1172 3043 et
1205 2969 1258 3042 sic
1290 2969 1392 3066 apud
1427 2969 1676 3043 Dracontium
1709 2969 1815 3042 utin
1841 2969 2063 3076 aliisnrebus

568 3094 622 3168 ita
659 3094 697 3166 in
737 3095 807 3168 hac
844 3095 927 3168 sine
963 3094 1079 3168 dubio
1112 3093 1345 3191 antiquiores
1380 3093 1567 3166 imitatum
1604 3093 1707 3167 Paris
1742 3094 1780 3167 in
1816 3094 1942 3168 medio
1968 3095 2061 3168 mari

568 3219 829 3315 deprehensus
858 3244 1081 3316 summoque
1108 3218 1211 3292 uitae
1236 3218 1275 3291 in
1301 3216 1467 3314 periculo
1493 3219 1667 3291 uersatus
1693 3217 1732 3291 in
1758 3218 1870 3292 hasce
1896 3218 2062 3316 erumpit

568 3368 682 3416 uoces
709 3343 856 3441 (raptus
882 3342 1055 3417 Helenae
1079 3366 1149 3436 402
1177 3369 1281 3440 sqq.‚
1308 3368 1404 3440 quos
1424 3368 1556 3416 uersus
1568 3342 1779 3416 adscribam
1793 3341 2060 3443 emaculatos):

1279 3518 1357 3580 felici
1376 3529 1454 3581 sorte
1473 3515 1565 3581 creati

886 3619 1035 3694 Pmtorss,
1056 3637 1132 3695 quos
1151 3627 1227 3679 terra
1246 3617 1344 3696 capit,
1364 3637 1439 3694 quos
1459 3619 1541 3679 nulla
1561 3619 1691 3696 procella

886 3714 1040 3776 Concutitl
1061 3717 1133 3776 haut
1152 3714 1234 3777 uenti
1253 3725 1389 3777 metuunt
1408 3735 1495 3793 super
1514 3735 1643 3794 aequora
1662 3717 1747 3778 flans

885 3815 925 3873 Et
944 3812 1080 3874 rabidum
1101 3813 1221 3892 pelagus
1240 3823 1377 3874 temnunt
1396 3813 1569 3876 latrantibus
1590 3813 1692 3888 undis,

885 3912 945 3974 Sed
964 3912 1043 3973 celso
1063 3913 1101 3973 de
1121 3922 1223 3973 monte
1243 3911 1363 3987 uident,
1383 3923 1416 3972 ut
1437 3911 1469 3972 in
1488 3933 1556 3974 arce
1574 3914 1725 3988 sedentes,

884 4011 997 4070 Pascua
1016 4029 1084 4070 nna
1103 4029 1207 4071 nemus
1226 4011 1321 4070 fontes
1340 4021 1403 4070 sata
1422 4009 1545 4070 flumina
1564 4021 1663 4088 prata,

885 4109 942 4168 Per
960 4126 1084 4185 campos
1102 4106 1208 4186 gestire
1228 4126 1333 4185 pecus,
1354 4108 1484 4185 pendere
1504 4109 1632 4186 capellas

884 4204 1045 4282 Praerupta
1063 4205 1101 4266 de
1121 4223 1194 4282 rupe
1213 4207 1317 4283 procul
1337 4206 1457 4266 dumeta
1477 4215 1638 4284 sequentes.

885 4303 929 4362 Ut
947 4301 1056 4364 uirides
1076 4303 1202 4364 tondent
1222 4301 1338 4364 luscinis
1358 4301 1496 4364 dentibus
1515 4303 1634 4364 herbas!
1656 4321 1717 4379 eqs.

564 4462 736 4536 uidemus
774 4487 822 4534 ex
858 4462 929 4535 hac
966 4462 1155 4560 agricolae
1189 4463 1262 4536 tuti
1297 4463 1600 4560 praedicatione,
1635 4487 1749 4559 quam
1784 4478 1901 4536 nauta
1926 4464 2057 4538 mortis

563 4587 699 4660 timore
724 4587 940 4684 exagitatus
966 4587 1148 4675 instituit,
1176 4586 1343 4685 pulcram
1369 4587 1456 4660 oriri
1484 4587 1698 4685 imaginem.
1739 4588 1902 4661 eundem
1928 4605 2056 4662 autem

563 4727 830 4798 mercatorem,
869 4711 932 4784 ubi
972 4712 1035 4784 uix
1073 4729 1214 4786 terram
1253 4711 1381 4809 tetigit
1418 4711 1545 4785 saluus
1583 4711 1830 4809 integerque,
1881 4729 2056 4787 uotorum

560 5007 755 5083 tegmentum
785 5004 867 5082 apud
897 5003 1061 5065 charisium
1090 5023 1119 5082 p.
1151 5025 1224 5080 100,
1253 5025 1290 5083 23
1318 5007 1359 5067 K.
1387 5017 1534 5067 seruatum
1570 5010 1693 5068 Veneris
1720 5009 1861 5067 antistita
1888 5008 2002 5086 Cupra.
2025 5005 2055 5067 in

559 5101 729 5164 huiusmodi
754 5113 854 5164 autem
881 5103 968 5164 rebus
994 5101 1229 5180 Porphyrionem
1255 5113 1371 5164 constat
1392 5103 1503 5164 maiore
1523 5104 1582 5165 fide
1601 5103 1724 5182 dignum
1745 5123 1807 5166 esse
1826 5123 1917 5182 quam
1936 5103 2055 5165 codices

559 5211 690 5277 nostros,
716 5199 741 5261 si
768 5220 838 5262 cum
865 5201 917 5262 illo
944 5209 1169 5278 comparantur,
1197 5199 1340 5262 nouicios.
1368 5236 1409 5246 —
1435 5221 1464 5261 u.
1496 5221 1532 5274 14
1560 5201 1780 5280 Peerlkampius
1807 5201 1838 5263 in
1865 5201 1975 5280 pauido
2002 5201 2054 5262 illo

559 5307 649 5360 nauta
675 5300 802 5360 offensus
829 5299 996 5377 impauidus
1023 5297 1139 5375 putauit
1166 5297 1293 5359 Horatio
1318 5317 1378 5359 esse
1405 5299 1606 5372 reddendum,
1633 5309 1663 5360 et
1689 5309 1784 5361 metro
1811 5301 1983 5360 aduersante
2003 5299 2053 5379 (ct.

558 5397 766 5457 Lachmannus
786 5398 825 5457 ad
845 5397 934 5456 Lucr.
954 5415 984 5473 p.
1009 5411 1065 5474 159
1085 5395 1142 5476 sq.)
1162 5406 1192 5457 et
1212 5397 1345 5475 neglecta
1366 5395 1485 5474 propria
1504 5395 1621 5475 linguae
1641 5397 1750 5458 latinae
1760 5396 1903 5459 breuitate
1913 5398 2052 5475 quadam.

557 5512 627 5554 nam
655 5493 696 5554 ita
724 5492 863 5571 equidem
883 5491 1073 5571 interpretor:
1095 5512 1258 5570 numquam
1278 5512 1347 5554 eum
1367 5495 1406 5555 ab
1426 5493 1507 5572 agris'
1521 5492 1580 5555 suis
1599 5495 1730 5556 abducas
1750 5504 1783 5554 ut
1802 5503 1893 5554 nauta
1912 5495 1978 5570 fiat3
1999 5493 2052 5572 qui

556 5589 581 5651 si
608 5593 705 5668 fieret,
731 5601 811 5654 oerte
832 5589 957 5668 pauidus
976 5601 1066 5652 nauta
1085 5593 1198 5652 iuturus
1217 5601 1299 5652 esset
1320 5591 1408 5669 plane
1428 5601 1461 5651 ut
1481 5593 1561 5669 apud
1582 5591 1738 5654 Tibullum
1760 5593 1775 5650 Ι
1800 5611 1831 5668 1,
1852 5611 1892 5670 49
1911 5591 2051 5671 legimus:

554 5691 598 5749 sit
616 5689 703 5750 diues
723 5692 807 5765 iure,
822 5689 970 5769 furorem
991 5691 1048 5766 qui
1066 5691 1164 5749 maris
1184 5696 1213 5749 et
1231 5691 1334 5749 tristes
1347 5688 1444 5768 ferre
1456 5697 1557 5768 potest
1568 5693 1718 5768 pluuias,
1739 5690 1797 5749 boc
1817 5698 1874 5750 est:
1896 5688 1934 5750 sit
1953 5689 2052 5764 diues,

555 5796 586 5847 et
605 5785 629 5846 si
650 5787 700 5846 fiet
719 5785 818 5862 diues,
848 5785 911 5847 iure
930 5785 994 5848 erit.
1015 5785 1138 5865 dignum
1158 5796 1202 5848 est
1221 5788 1280 5848 hoc
1299 5785 1419 5848 dicendi
1439 5805 1546 5866 genus,
1572 5789 1654 5866 quod
1674 5785 1807 5864 pluribus
1826 5786 1901 5848 locis
1919 5786 2051 5849 collectis

554 5893 689 5944 accurate
709 5883 885 5946 inlustretur.
905 5883 1095 5962 —denique
1115 5883 1246 5962 priorum
1267 5885 1453 5962 quorundam
1473 5883 1643 5946 criticorum
1663 5883 1695 5944 in
1715 5883 1847 5946 dictione
1856 5905 1936 5946 rara
1946 5887 2052 5965 oppidi

554 5979 770 6044 dubitationem
790 5983 886 6044 leuem
907 5981 1049 6060 exemplis
1068 5981 1183 6044 idoneis
1203 5982 1263 6042 iam
1283 5981 1333 6043 alii
1353 5983 1521 6043 retutamnt.
