5240 7396
1288 997 1335 1068 25

562 1193 688 1291 aliqua
713 1211 815 1268 certe
843 1195 988 1268 ratione
1014 1197 1148 1268 mirum
1175 1197 1400 1269 attributum
1427 1197 1589 1271 delendi.
1616 1199 1683 1270 sed
1710 1199 1810 1270 idem
1825 1197 2058 1294 superfluum

564 1318 634 1392 hoc
668 1319 750 1392 loco
785 1335 902 1417 atque
936 1321 1048 1393 inane
1082 1345 1166 1393 esse
1200 1321 1364 1418 ideoque
1399 1347 1473 1394 non
1511 1323 1593 1395 sine
1620 1323 1699 1395 iure
1726 1321 1851 1395 uocari
1878 1323 1914 1394 in
1942 1321 2060 1417 suspi-

563 1443 709 1516 cionem
744 1445 775 1516 si
811 1444 989 1528 adfirmo,
1030 1444 1157 1540 plures
1192 1461 1235 1517 ut
1269 1462 1362 1542 puto
1398 1446 1546 1519 habebo
1581 1445 1764 1520 credulos,
1804 1472 1873 1520 nec
1907 1446 2061 1519 defuere

563 1569 627 1664 qui
654 1569 724 1642 hoc
751 1569 1011 1666 perspicerent
1036 1585 1377 1666 construerentque
1403 1586 1611 1666 praeeunte
1628 1571 1886 1667 Porphyrione
1904 1596 2059 1644 oceanus

562 1693 703 1767 circum
730 1718 856 1792 uagus
880 1719 980 1765 arua
1006 1694 1128 1779 beata,
1156 1694 1276 1767 maius
1303 1693 1352 1766 illi
1380 1695 1533 1791 quidem
1549 1695 1753 1770 inferentes
1767 1695 2057 1768 incommodum.

565 1843 651 1890 nam
688 1843 810 1914 paene
846 1816 1041 1890 ridiculum
1076 1819 1234 1892 dixerim
1262 1819 1350 1892 hoc:
1386 1845 1452 1892 nos
1477 1829 1645 1915 expectat
1670 1845 1775 1892 mare
1798 1820 1899 1916 quod
1920 1820 2059 1892 cz'rcum

562 1943 662 2014 sedes
678 1940 907 2043 fortunatas
933 1952 1113 2040 uagatur,
1142 1959 1218 2015 tam
1245 1961 1403 2040 propter
1429 1945 1593 2041 uagandi
1620 1942 1846 2017 uocabulum
1873 1969 1986 2041 quam
2009 1944 2059 2016 ob

564 2067 687 2163 ipsum
722 2093 886 2139 sensum.
927 2067 1102 2164 numquis
1137 2068 1185 2139 ad
1212 2067 1458 2164 longinquam
1486 2069 1598 2140 maris
1625 2067 1784 2140 insulam
1812 2069 2059 2165 nauigaturus

564 2192 634 2264 hoc
669 2192 782 2264 modo
816 2190 1009 2288 loquitur?
1046 2192 1192 2265 accedit
1218 2193 1320 2289 quod
1347 2193 1411 2264 ubi
1437 2218 1529 2265 arua
1555 2193 1668 2266 beata
1693 2209 1822 2265 essent
1847 2192 1921 2266 sita
1948 2218 2059 2266 nemo

564 2317 821 2389 Romanorum
856 2316 988 2388 habuit
1021 2317 1226 2413 cognitum.
1265 2317 1493 2389 sententiam
1531 2317 1647 2412 igitur
1680 2318 1870 2414 propriam
1897 2317 2060 2392 formant

563 2442 680 2513 uerba
716 2466 781 2513 nos
815 2451 941 2512 manet
977 2442 1164 2514 Oceanus:
1201 2442 1313 2514 maris
1350 2441 1614 2514 mediterranei
1641 2440 1752 2515 litora
1778 2441 2059 2539 praeteruolare

564 2565 742 2637 iubentur
774 2565 864 2638 socii
900 2581 942 2637 ut
976 2565 1213 2663 excipiantur
1240 2591 1379 2662 magno
1406 2565 1518 2650 mari;
1546 2565 1743 2639 columnae
1770 2565 1944 2639 Herculis
1969 2583 2059 2639 sunt

564 2689 758 2786 proximus
792 2689 936 2762 itineris
972 2690 1074 2774 finis,
1111 2691 1196 2762 hinc
1231 2690 1269 2763 in
1306 2707 1415 2763 uasto
1441 2690 1596 2763 Oceano
1623 2692 1696 2764 iam
1722 2693 1963 2788 quaerendae
1989 2692 2059 2765 for-

564 2831 781 2889 tunatorum
816 2814 970 2888 insulae.
1007 2815 1077 2913 ipsi
1104 2841 1197 2912 ergo
1227 2815 1481 2911 expeditionis
1517 2815 1720 2912 participes
1746 2841 1831 2888 cum
1857 2816 2059 2890 circumua-

562 2941 690 3037 gando
717 2939 949 3037 inuestigare
976 2940 1179 3014 debuerint
1205 2940 1366 3037 patriam
1393 2939 1572 3024 suturam,
1611 2940 1641 3011 si
1669 2938 1827 3037 duplicis
1853 2941 1891 3013 in
1916 2967 2059 3016 oceano

561 3065 802 3163 circumuago
828 3081 868 3137 et
893 3065 930 3137 in
956 3091 1057 3137 arua
1083 3064 1265 3138 alterutro
1291 3064 1414 3136 otioso
1440 3064 1520 3136 uitii
1546 3065 1675 3137 sedem
1704 3081 1745 3136 ut
1766 3090 1836 3161 par
1849 3081 1908 3138 est
1923 3064 2058 3139 finibus

564 3189 711 3286 exiguis
750 3189 987 3274 cohibemus,
1031 3189 1199 3286 genuina
1226 3189 1374 3261 Horatii
1402 3214 1555 3272 manus,
1595 3189 1625 3260 si
1654 3215 1728 3261 non
1754 3189 1880 3262 omnia
1906 3189 2058 3276 fallunt,

565 3315 691 3412 prodit
717 3315 852 3387 haece:

905 3466 968 3525 Nos
989 3476 1088 3525 manet
1109 3465 1260 3525 Oceanus:
1283 3463 1473 3542 circumuaga
1494 3466 1586 3524 turba
1608 3465 1695 3525 beata

1024 3564 1162 3622 Petamus
1181 3581 1267 3636 arua,
1289 3561 1395 3622 diuites
1414 3574 1443 3623 et
1464 3561 1580 3622 insulas.

563 3725 606 3798 cs.
635 3725 796 3800 Ouidius
822 3723 933 3820 epist.
961 3723 1076 3807 XIV,
1108 3747 1175 3815 114
1201 3723 1312 3795 turba
1338 3747 1532 3820 uagamur
1555 3723 1671 3818 inops.

638 4245 678 4314 ln
705 4257 917 4314 saturarum
943 4239 1027 4311 libri
1055 4239 1164 4335 primi
1191 4239 1353 4335 septima
1380 4240 1467 4312 inde
1492 4264 1516 4312 a
1541 4265 1575 4310 u.
1606 4263 1649 4310 22
1677 4238 1770 4311 haec
1796 4237 2003 4311 habentur:

904 4415 1019 4478 Persius
1037 4416 1160 4494 exponit
1180 4436 1315 4490 causam3
1336 4415 1447 4478 ridetur
1466 4418 1505 4477 ab
1525 4415 1608 4477 omni

904 4515 1078 4589 Conuentu;
1100 4515 1202 4575 laudat
1222 4516 1345 4574 Brutum
1366 4516 1524 4593 laudatque
1545 4515 1715 4590 cohortem:

904 4613 1004 4673 Solem
1025 4613 1114 4674 Asiae
1134 4614 1257 4672 Brutum
1278 4615 1408 4690 appellat
1427 4614 1584 4690 stellasque
1603 4613 1733 4674 salubres

904 4711 1045 4787 Appellat
1065 4711 1204 4784 comites,
1226 4721 1351 4788 excepto
1373 4713 1457 4790 Rege
1464 4733 1472 4786 ;
1494 4711 1606 4771 Canem
1629 4710 1729 4783 illuni,

904 4807 1036 4868 Inuisum
1057 4807 1192 4886 agricolis
1211 4807 1305 4884 sidus,
1328 4809 1456 4870 uenisse:
1478 4810 1582 4870 ruebat

904 4907 1028 4966 Flumen
1049 4916 1082 4965 ut
1102 4906 1275 4982 hibernum,
1296 4908 1384 4967 fertur
1405 4927 1465 4984 quo
1485 4927 1550 4967 rara
1569 4906 1685 4968 securis.

564 5069 602 5140 in
641 5085 732 5140 nota
770 5067 858 5139 inde
896 5067 944 5140 ab
985 5065 1154 5139 Homero
1193 5066 1357 5163 imagine
1396 5066 1558 5140 fluminis
1597 5066 1743 5140 hiberni
1782 5067 1910 5141 omnia
1947 5067 2060 5142 obuia

563 5219 691 5266 secum
728 5191 909 5288 rapientis
942 5191 1248 5264 obscurissimum
1285 5207 1344 5264 est
1376 5217 1540 5289 quonam
1569 5193 1685 5264 uerba
1701 5189 1840 5292 fertur
1865 5218 1937 5288 quo
1961 5218 2060 5265 rara

563 5318 704 5391 securis
731 5317 900 5390 tendant.
930 5317 1137 5412 Porphyrio
1165 5317 1256 5391 haec
1283 5318 1460 5414 praebet:
1498 5328 1600 5390 tanto
1625 5319 1763 5413 impetu
1788 5317 1971 5413 eloquium
1997 5344 2060 5390 ore

562 5442 791 5541 effundebar,
826 5452 967 5538 quanta
1003 5442 1046 5513 αἱ
1064 5440 1216 5537 flumen
1241 5468 1291 5515 ex
1315 5443 1498 5515 montibus
1523 5442 1717 5514 allrssz'mrlr
1742 5442 1833 5514 ruit.
1873 5441 1938 5514 hoc
1962 5442 2060 5514 enim

563 5566 777 5665 n'gm'fical:
793 5564 932 5666 fertur
958 5591 1029 5662 quo
1054 5567 1204 5639 securas.
1246 5593 1334 5638 nam
1362 5568 1487 5662 ulique
1513 5593 1586 5640 non
1602 5565 1721 5667 facile
1744 5567 1827 5638 itur
1851 5566 1893 5638 in
1917 5591 1960 5637 ea
1985 5567 2061 5638 loca

563 5692 617 5764 ad
638 5690 860 5765 caedendum
885 5691 1049 5789 lignum,
1076 5717 1170 5786 quaa
1194 5692 1272 5763 sint
1298 5692 1410 5764 nimis
1434 5691 1512 5763 alla
1537 5702 1647 5787 alque
1670 5690 1843 5786 abrupta.
1871 5715 1969 5787 quae
1995 5690 2058 5787 qui

565 5813 676 5913 legit,
703 5816 832 5888 statim
858 5815 972 5888 abicit
992 5814 1216 5912 inridetque.
1244 5816 1373 5913 itaque
1385 5815 1447 5888 alii
1463 5816 1581 5912 ripam
1596 5815 1842 5913 praecipitem
1855 5839 2058 5912 agnouere.

564 5941 631 6012 sed
646 5939 801 6011 fluuium
817 5940 854 6011 in
869 5940 973 6036 ripae
987 5937 1068 6011 loca
1083 5938 1293 6037 periculosa
1306 5941 1468 6037 ideoque
1483 5956 1562 6012 tum
1578 5940 1759 6036 temporis
1772 5966 1795 6014 a
1808 5939 2058 6036 lignatoribus

1881 6069 1896 6110 4
