<?xml version="1.0" encoding="UTF-8"?>
<!DOCTYPE html PUBLIC "-//W3C//DTD XHTML 1.0 Transitional//EN"
    "http://www.w3.org/TR/xhtml1/DTD/xhtml1-transitional.dtd">
<html xmlns="http://www.w3.org/1999/xhtml" xml:lang="en" lang="en">
 <head>
  <title>
</title>
<meta http-equiv="Content-Type" content="text/html;charset=utf-8" />
  <meta name='ocr-system' content='tesseract 3.04.00' />
  <meta name='ocr-capabilities' content='ocr_page ocr_carea ocr_par ocr_line ocrx_word'/>
</head>
<body>
  <div class='ocr_page' id='page_1' title='image "./lectioneshorati00bhgoog_0012.png"; bbox 0 0 5240 7396; ppageno 0'>
   <div class='ocr_carea' id='block_1_1' title="bbox 1302 1002 1325 1074">
    <p class='ocr_par' dir='ltr' id='par_1_1' title="bbox 1302 1002 1325 1074">
     <span class='ocr_line' id='line_1_1' title="bbox 1302 1002 1325 1074; baseline 0 0"><span class='ocrx_word' id='word_1_1' title='bbox 1302 1002 1325 1074; x_wconf 85' lang='lat'>5</span> 
     </span>
    </p>
   </div>
   <div class='ocr_carea' id='block_1_2' title="bbox 504 1201 2062 6029">
    <p class='ocr_par' dir='ltr' id='par_1_2' title="bbox 566 1201 2062 1921">
     <span class='ocr_line' id='line_1_2' title="bbox 569 1201 2062 1300; baseline 0.001 -25"><span class='ocrx_word' id='word_1_2' title='bbox 569 1203 681 1276; x_wconf 93' lang='lat' dir='ltr'><strong>modo</strong></span> <span class='ocrx_word' id='word_1_3' title='bbox 715 1202 898 1276; x_wconf 84' lang='lat' dir='ltr'><strong>factorum</strong></span> <span class='ocrx_word' id='word_1_4' title='bbox 933 1228 1086 1299; x_wconf 91' lang='lat' dir='ltr'><strong>prorsus</strong></span> <span class='ocrx_word' id='word_1_5' title='bbox 1120 1201 1279 1277; x_wconf 92' lang='lat' dir='ltr'><strong>oblitum</strong></span> <span class='ocrx_word' id='word_1_6' title='bbox 1316 1227 1452 1275; x_wconf 91' lang='lat' dir='ltr'><strong>nauem</strong></span> <span class='ocrx_word' id='word_1_7' title='bbox 1486 1202 1642 1276; x_wconf 82' lang='lat' dir='ltr'><strong>fractam</strong></span> <span class='ocrx_word' id='word_1_8' title='bbox 1668 1202 1822 1276; x_wconf 90' lang='lat' dir='ltr'><strong>reficere</strong></span> <span class='ocrx_word' id='word_1_9' title='bbox 1848 1203 2062 1300; x_wconf 85' lang='lat' dir='ltr'><strong>iterumque</strong></span> 
     </span>
     <span class='ocr_line' id='line_1_3' title="bbox 569 1325 2059 1424; baseline 0.001 -25"><span class='ocrx_word' id='word_1_10' title='bbox 569 1352 672 1400; x_wconf 90' lang='lat' dir='ltr'><strong>mare</strong></span> <span class='ocrx_word' id='word_1_11' title='bbox 707 1326 864 1399; x_wconf 92' lang='lat' dir='ltr'><strong>infidum</strong></span> <span class='ocrx_word' id='word_1_12' title='bbox 899 1343 1107 1424; x_wconf 87' lang='lat' dir='ltr'><strong>temptare,</strong></span> <span class='ocrx_word' id='word_1_13' title='bbox 1147 1327 1186 1399; x_wconf 94' lang='lat' dir='ltr'><strong>id</strong></span> <span class='ocrx_word' id='word_1_14' title='bbox 1219 1326 1451 1400; x_wconf 90' lang='lat' dir='ltr'><strong>conueniens</strong></span> <span class='ocrx_word' id='word_1_15' title='bbox 1485 1325 1598 1423; x_wconf 89' lang='lat' dir='ltr'><strong>plane</strong></span> <span class='ocrx_word' id='word_1_16' title='bbox 1623 1342 1683 1400; x_wconf 90' lang='lat' dir='ltr'><strong>est</strong></span> <span class='ocrx_word' id='word_1_17' title='bbox 1710 1326 1858 1401; x_wconf 88' lang='lat' dir='ltr'><strong>Horatii</strong></span> <span class='ocrx_word' id='word_1_18' title='bbox 1884 1326 2059 1401; x_wconf 89' lang='lat' dir='ltr'><strong>consilio:</strong></span> 
     </span>
     <span class='ocr_line' id='line_1_4' title="bbox 568 1450 2061 1549; baseline 0 -25"><span class='ocrx_word' id='word_1_19' title='bbox 568 1476 655 1524; x_wconf 92' lang='lat' dir='ltr'><strong>nam</strong></span> <span class='ocrx_word' id='word_1_20' title='bbox 694 1450 797 1524; x_wconf 93' lang='lat' dir='ltr'><strong>illum</strong></span> <span class='ocrx_word' id='word_1_21' title='bbox 837 1452 918 1548; x_wconf 95' lang='lat' dir='ltr'><strong>rapi</strong></span> <span class='ocrx_word' id='word_1_22' title='bbox 955 1450 1229 1524; x_wconf 90' lang='lat' dir='ltr'><strong>consuetudine</strong></span> <span class='ocrx_word' id='word_1_23' title='bbox 1268 1476 1393 1547; x_wconf 91' lang='lat' dir='ltr'><strong>neque</strong></span> <span class='ocrx_word' id='word_1_24' title='bbox 1431 1466 1563 1524; x_wconf 90' lang='lat' dir='ltr'><strong>contra</strong></span> <span class='ocrx_word' id='word_1_25' title='bbox 1601 1466 1774 1524; x_wconf 90' lang='lat' dir='ltr'><strong>naturam</strong></span> <span class='ocrx_word' id='word_1_26' title='bbox 1812 1476 1919 1524; x_wconf 90' lang='lat' dir='ltr'><strong>suam</strong></span> <span class='ocrx_word' id='word_1_27' title='bbox 1944 1476 2061 1549; x_wconf 84' lang='lat' dir='ltr'><strong>agere</strong></span> 
     </span>
     <span class='ocr_line' id='line_1_5' title="bbox 568 1574 2062 1673; baseline -0.001 -24"><span class='ocrx_word' id='word_1_28' title='bbox 568 1601 637 1672; x_wconf 93' lang='lat' dir='ltr'><strong>per</strong></span> <span class='ocrx_word' id='word_1_29' title='bbox 670 1576 838 1673; x_wconf 88' lang='lat' dir='ltr'><strong>quietem</strong></span> <span class='ocrx_word' id='word_1_30' title='bbox 872 1575 1027 1649; x_wconf 93' lang='lat' dir='ltr'><strong>omnino</strong></span> <span class='ocrx_word' id='word_1_31' title='bbox 1062 1600 1174 1672; x_wconf 90' lang='lat' dir='ltr'><strong>posse</strong></span> <span class='ocrx_word' id='word_1_32' title='bbox 1208 1574 1498 1672; x_wconf 86' lang='lat' dir='ltr'><strong>significandum</strong></span> <span class='ocrx_word' id='word_1_33' title='bbox 1532 1592 1632 1662; x_wconf 89' lang='lat' dir='ltr'><strong>erat,</strong></span> <span class='ocrx_word' id='word_1_34' title='bbox 1671 1591 1711 1648; x_wconf 90' lang='lat' dir='ltr'><strong>et</strong></span> <span class='ocrx_word' id='word_1_35' title='bbox 1746 1600 1871 1648; x_wconf 91' lang='lat' dir='ltr'><strong>rerum</strong></span> <span class='ocrx_word' id='word_1_36' title='bbox 1898 1575 2062 1649; x_wconf 90' lang='lat' dir='ltr'><strong>ueritate</strong></span> 
     </span>
     <span class='ocr_line' id='line_1_6' title="bbox 566 1698 2061 1797; baseline 0.001 -25"><span class='ocrx_word' id='word_1_37' title='bbox 566 1700 619 1772; x_wconf 91' lang='lat' dir='ltr'><strong>sic</strong></span> <span class='ocrx_word' id='word_1_38' title='bbox 654 1700 809 1774; x_wconf 91' lang='lat' dir='ltr'><strong>iubente</strong></span> <span class='ocrx_word' id='word_1_39' title='bbox 844 1717 883 1773; x_wconf 89' lang='lat' dir='ltr'><strong>et</strong></span> <span class='ocrx_word' id='word_1_40' title='bbox 917 1716 960 1773; x_wconf 89' lang='lat' dir='ltr'><strong>ut</strong></span> <span class='ocrx_word' id='word_1_41' title='bbox 992 1698 1114 1773; x_wconf 92' lang='lat' dir='ltr'><strong>coloni</strong></span> <span class='ocrx_word' id='word_1_42' title='bbox 1147 1699 1249 1773; x_wconf 91' lang='lat' dir='ltr'><strong>aruis</strong></span> <span class='ocrx_word' id='word_1_43' title='bbox 1283 1699 1414 1796; x_wconf 89' lang='lat' dir='ltr'><strong>patriis</strong></span> <span class='ocrx_word' id='word_1_44' title='bbox 1450 1699 1681 1772; x_wconf 90' lang='lat' dir='ltr'><strong>inhaerentis</strong></span> <span class='ocrx_word' id='word_1_45' title='bbox 1715 1700 1920 1797; x_wconf 89' lang='lat' dir='ltr'><strong>descriptio</strong></span> <span class='ocrx_word' id='word_1_46' title='bbox 1955 1725 2061 1797; x_wconf 90' lang='lat' dir='ltr'><strong>prae-</strong></span> 
     </span>
     <span class='ocr_line' id='line_1_7' title="bbox 567 1823 1534 1921; baseline -0.001 -24"><span class='ocrx_word' id='word_1_47' title='bbox 567 1825 706 1897; x_wconf 90' lang='lat' dir='ltr'><strong>cedens</strong></span> <span class='ocrx_word' id='word_1_48' title='bbox 732 1850 780 1898; x_wconf 89' lang='lat' dir='ltr'><strong>ex</strong></span> <span class='ocrx_word' id='word_1_49' title='bbox 805 1824 992 1897; x_wconf 88' lang='lat' dir='ltr'><strong>contrario</strong></span> <span class='ocrx_word' id='word_1_50' title='bbox 1017 1840 1204 1921; x_wconf 85' lang='lat' dir='ltr'><strong>augeatur</strong></span> <span class='ocrx_word' id='word_1_51' title='bbox 1229 1823 1534 1921; x_wconf 89' lang='lat' dir='ltr'><strong>intendaturque.</strong></span> 
     </span>
    </p>

    <p class='ocr_par' dir='ltr' id='par_1_3' title="bbox 504 1947 2062 6029">
     <span class='ocr_line' id='line_1_8' title="bbox 640 1947 2060 2045; baseline 0.001 -25"><span class='ocrx_word' id='word_1_52' title='bbox 640 1947 718 2021; x_wconf 88' lang='lat' dir='ltr'><strong>Sed</strong></span> <span class='ocrx_word' id='word_1_53' title='bbox 752 1949 969 2045; x_wconf 89' lang='lat' dir='ltr'><strong>negandum</strong></span> <span class='ocrx_word' id='word_1_54' title='bbox 1006 1964 1085 2034; x_wconf 89' lang='lat' dir='ltr'><strong>est,</strong></span> <span class='ocrx_word' id='word_1_55' title='bbox 1126 1947 1251 2020; x_wconf 91' lang='lat' dir='ltr'><strong>uerbis</strong></span> <span class='ocrx_word' id='word_1_56' title='bbox 1285 1973 1307 2022; x_wconf 91' lang='lat' dir='ltr'><strong>a</strong></span> <span class='ocrx_word' id='word_1_57' title='bbox 1340 1947 1530 2021; x_wconf 90' lang='lat' dir='ltr'><strong>codicibus</strong></span> <span class='ocrx_word' id='word_1_58' title='bbox 1556 1947 1704 2021; x_wconf 91' lang='lat' dir='ltr'><strong>traditis</strong></span> <span class='ocrx_word' id='word_1_59' title='bbox 1730 1964 1770 2021; x_wconf 89' lang='lat' dir='ltr'><strong>et</strong></span> <span class='ocrx_word' id='word_1_60' title='bbox 1795 1948 1920 2021; x_wconf 91' lang='lat' dir='ltr'><strong>inesse</strong></span> <span class='ocrx_word' id='word_1_61' title='bbox 1946 1947 2060 2022; x_wconf 90' lang='lat' dir='ltr'><strong>talem</strong></span> 
     </span>
     <span class='ocr_line' id='line_1_9' title="bbox 567 2071 2059 2169; baseline 0 -24"><span class='ocrx_word' id='word_1_62' title='bbox 567 2072 717 2169; x_wconf 91' lang='lat' dir='ltr'><strong>qualem</strong></span> <span class='ocrx_word' id='word_1_63' title='bbox 752 2072 885 2146; x_wconf 92' lang='lat' dir='ltr'><strong>uolunt</strong></span> <span class='ocrx_word' id='word_1_64' title='bbox 916 2072 1145 2145; x_wconf 92' lang='lat' dir='ltr'><strong>sententiam</strong></span> <span class='ocrx_word' id='word_1_65' title='bbox 1173 2089 1211 2145; x_wconf 88' lang='lat' dir='ltr'><strong>et</strong></span> <span class='ocrx_word' id='word_1_66' title='bbox 1239 2072 1535 2168; x_wconf 92' lang='lat' dir='ltr'><strong>Porphyrionem</strong></span> <span class='ocrx_word' id='word_1_67' title='bbox 1561 2097 1668 2145; x_wconf 90' lang='lat' dir='ltr'><strong>suam</strong></span> <span class='ocrx_word' id='word_1_68' title='bbox 1693 2071 1920 2168; x_wconf 87' lang='lat' dir='ltr'><strong>adplicuisse</strong></span> <span class='ocrx_word' id='word_1_69' title='bbox 1946 2072 2059 2145; x_wconf 91' lang='lat' dir='ltr'><strong>inter·</strong></span> 
     </span>
     <span class='ocr_line' id='line_1_10' title="bbox 567 2197 2059 2294; baseline 0.002 -25"><span class='ocrx_word' id='word_1_70' title='bbox 567 2197 829 2294; x_wconf 90' lang='lat' dir='ltr'><strong>pretationem.</strong></span> <span class='ocrx_word' id='word_1_71' title='bbox 870 2197 933 2269; x_wconf 95' lang='lat' dir='ltr'><strong>ubi</strong></span> <span class='ocrx_word' id='word_1_72' title='bbox 968 2197 1068 2269; x_wconf 91' lang='lat' dir='ltr'><strong>enim</strong></span> <span class='ocrx_word' id='word_1_73' title='bbox 1095 2212 1282 2270; x_wconf 89' lang='lat' dir='ltr'><strong>mercator</strong></span> <span class='ocrx_word' id='word_1_74' title='bbox 1307 2212 1576 2294; x_wconf 87' lang='lat' dir='ltr'><strong>tempestatem</strong></span> <span class='ocrx_word' id='word_1_75' title='bbox 1602 2197 1640 2270; x_wconf 94' lang='lat' dir='ltr'><strong>in</strong></span> <span class='ocrx_word' id='word_1_76' title='bbox 1666 2199 1759 2270; x_wconf 90' lang='lat' dir='ltr'><strong>mari</strong></span> <span class='ocrx_word' id='word_1_77' title='bbox 1786 2198 1935 2294; x_wconf 90' lang='lat' dir='ltr'><strong>patiens</strong></span> <span class='ocrx_word' id='word_1_78' title='bbox 1961 2224 2059 2272; x_wconf 90' lang='lat' dir='ltr'><strong>com-</strong></span> 
     </span>
     <span class='ocr_line' id='line_1_11' title="bbox 567 2319 2058 2420; baseline 0.001 -26"><span class='ocrx_word' id='word_1_79' title='bbox 567 2320 823 2394; x_wconf 89' lang='lat' dir='ltr'><strong>memoratur?</strong></span> <span class='ocrx_word' id='word_1_80' title='bbox 845 2345 931 2394; x_wconf 90' lang='lat' dir='ltr'><strong>nam</strong></span> <span class='ocrx_word' id='word_1_81' title='bbox 946 2331 1108 2393; x_wconf 82' lang='lat' dir='ltr'><strong>meluens</strong></span> <span class='ocrx_word' id='word_1_82' title='bbox 1122 2321 1319 2394; x_wconf 80' lang='lat' dir='ltr'><strong>luctantem</strong></span> <span class='ocrx_word' id='word_1_83' title='bbox 1332 2322 1369 2394; x_wconf 90' lang='lat' dir='ltr'><strong>I.</strong></span> <span class='ocrx_word' id='word_1_84' title='bbox 1375 2319 1414 2420; x_wconf 86' lang='lat' dir='ltr'><em>f</em></span> <span class='ocrx_word' id='word_1_85' title='bbox 1426 2319 1611 2420; x_wconf 82' lang='lat' dir='ltr'><strong>Africum</strong></span> <span class='ocrx_word' id='word_1_86' title='bbox 1624 2321 1761 2394; x_wconf 91' lang='lat' dir='ltr'><strong>dicitur</strong></span> <span class='ocrx_word' id='word_1_87' title='bbox 1773 2321 2009 2396; x_wconf 89' lang='lat' dir='ltr'><strong>solummodo</strong></span> <span class='ocrx_word' id='word_1_88' title='bbox 2027 2323 2058 2396; x_wconf 90' lang='lat' dir='ltr'><strong>is</strong></span> 
     </span>
     <span class='ocr_line' id='line_1_12' title="bbox 565 2445 2058 2543; baseline 0.001 -25"><span class='ocrx_word' id='word_1_89' title='bbox 565 2446 630 2542; x_wconf 99' lang='lat' dir='ltr'><strong>qui</strong></span> <span class='ocrx_word' id='word_1_90' title='bbox 652 2446 733 2519; x_wconf 91' lang='lat' dir='ltr'><strong>siue</strong></span> <span class='ocrx_word' id='word_1_91' title='bbox 756 2446 796 2518; x_wconf 91' lang='lat' dir='ltr'><strong>in</strong></span> <span class='ocrx_word' id='word_1_92' title='bbox 819 2461 920 2519; x_wconf 89' lang='lat' dir='ltr'><strong>terra</strong></span> <span class='ocrx_word' id='word_1_93' title='bbox 936 2445 1018 2518; x_wconf 94' lang='lat' dir='ltr'><strong>siue</strong></span> <span class='ocrx_word' id='word_1_94' title='bbox 1037 2445 1075 2516; x_wconf 92' lang='lat' dir='ltr'><strong>in</strong></span> <span class='ocrx_word' id='word_1_95' title='bbox 1090 2445 1177 2518; x_wconf 90' lang='lat' dir='ltr'><strong>naui</strong></span> <span class='ocrx_word' id='word_1_96' title='bbox 1192 2445 1337 2541; x_wconf 90' lang='lat' dir='ltr'><strong>positus</strong></span> <span class='ocrx_word' id='word_1_97' title='bbox 1352 2461 1551 2518; x_wconf 92' lang='lat' dir='ltr'><strong>uenturam</strong></span> <span class='ocrx_word' id='word_1_98' title='bbox 1566 2445 1603 2518; x_wconf 93' lang='lat' dir='ltr'><strong>in</strong></span> <span class='ocrx_word' id='word_1_99' title='bbox 1618 2446 1710 2519; x_wconf 94' lang='lat' dir='ltr'><strong>mari</strong></span> <span class='ocrx_word' id='word_1_100' title='bbox 1725 2447 1841 2520; x_wconf 90' lang='lat' dir='ltr'><strong>Icario</strong></span> <span class='ocrx_word' id='word_1_101' title='bbox 1855 2445 2058 2543; x_wconf 89' lang='lat' dir='ltr'><strong>procellam</strong></span> 
     </span>
     <span class='ocr_line' id='line_1_13' title="bbox 565 2570 2058 2668; baseline -0.001 -24"><span class='ocrx_word' id='word_1_102' title='bbox 565 2571 692 2658; x_wconf 90' lang='lat' dir='ltr'><strong>timet;</strong></span> <span class='ocrx_word' id='word_1_103' title='bbox 719 2570 907 2668; x_wconf 91' lang='lat' dir='ltr'><strong>siquidem</strong></span> <span class='ocrx_word' id='word_1_104' title='bbox 933 2585 1070 2666; x_wconf 92' lang='lat' dir='ltr'><strong>suapte</strong></span> <span class='ocrx_word' id='word_1_105' title='bbox 1097 2585 1232 2644; x_wconf 88' lang='lat' dir='ltr'><strong>natura</strong></span> <span class='ocrx_word' id='word_1_106' title='bbox 1258 2570 1452 2643; x_wconf 92' lang='lat' dir='ltr'><strong>metuendi</strong></span> <span class='ocrx_word' id='word_1_107' title='bbox 1479 2571 1637 2642; x_wconf 92' lang='lat' dir='ltr'><strong>uerbum</strong></span> <span class='ocrx_word' id='word_1_108' title='bbox 1663 2571 1712 2643; x_wconf 96' lang='lat' dir='ltr'><strong>ad</strong></span> <span class='ocrx_word' id='word_1_109' title='bbox 1727 2586 1878 2667; x_wconf 92' lang='lat' dir='ltr'><strong>tempus</strong></span> <span class='ocrx_word' id='word_1_110' title='bbox 1891 2570 2058 2643; x_wconf 84' lang='lat' dir='ltr'><strong>futurum</strong></span> 
     </span>
     <span class='ocr_line' id='line_1_14' title="bbox 564 2693 2062 2794; baseline 0.001 -27"><span class='ocrx_word' id='word_1_111' title='bbox 564 2711 723 2792; x_wconf 90' lang='lat' dir='ltr'><strong>spectat.</strong></span> <span class='ocrx_word' id='word_1_112' title='bbox 763 2695 849 2768; x_wconf 92' lang='lat' dir='ltr'><strong>hinc</strong></span> <span class='ocrx_word' id='word_1_113' title='bbox 887 2711 988 2768; x_wconf 91' lang='lat' dir='ltr'><strong>recte</strong></span> <span class='ocrx_word' id='word_1_114' title='bbox 1026 2693 1186 2792; x_wconf 87' lang='lat' dir='ltr'><strong>legimus</strong></span> <span class='ocrx_word' id='word_1_115' title='bbox 1220 2696 1280 2767; x_wconf 93' lang='lat' dir='ltr'><strong>od.</strong></span> <span class='ocrx_word' id='word_1_116' title='bbox 1309 2696 1323 2766; x_wconf 94' lang='lat' dir='ltr'><strong>l</strong></span> <span class='ocrx_word' id='word_1_117' title='bbox 1351 2718 1393 2786; x_wconf 86' lang='lat'><strong>3,</strong></span> <span class='ocrx_word' id='word_1_118' title='bbox 1427 2718 1469 2768; x_wconf 90' lang='lat'><strong>10</strong></span> <span class='ocrx_word' id='word_1_119' title='bbox 1502 2720 1605 2791; x_wconf 91' lang='lat' dir='ltr'><strong>sqq.:</strong></span> <span class='ocrx_word' id='word_1_120' title='bbox 1644 2694 1712 2791; x_wconf 87' lang='lat' dir='ltr'><strong>qui</strong></span> <span class='ocrx_word' id='word_1_121' title='bbox 1734 2693 1925 2794; x_wconf 82' lang='lat' dir='ltr'><strong>fragilem</strong></span> <span class='ocrx_word' id='word_1_122' title='bbox 1960 2695 2062 2769; x_wconf 78' lang='lat' dir='ltr'><strong>truci</strong></span> 
     </span>
     <span class='ocr_line' id='line_1_15' title="bbox 563 2817 2057 2918; baseline 0 -26"><span class='ocrx_word' id='word_1_123' title='bbox 563 2819 745 2894; x_wconf 82' lang='lat' dir='ltr'><strong>commisit</strong></span> <span class='ocrx_word' id='word_1_124' title='bbox 759 2820 896 2918; x_wconf 77' lang='lat' dir='ltr'><strong>pelago</strong></span> <span class='ocrx_word' id='word_1_125' title='bbox 921 2829 1041 2892; x_wconf 81' lang='lat' dir='ltr'><strong>ratem</strong></span> <span class='ocrx_word' id='word_1_126' title='bbox 1059 2818 1215 2915; x_wconf 85' lang='lat' dir='ltr'><strong>primus</strong></span> <span class='ocrx_word' id='word_1_127' title='bbox 1240 2845 1303 2891; x_wconf 90' lang='lat' dir='ltr'><strong>uec</strong></span> <span class='ocrx_word' id='word_1_128' title='bbox 1328 2819 1456 2891; x_wconf 72' lang='lat' dir='ltr'><strong>timui!</strong></span> <span class='ocrx_word' id='word_1_129' title='bbox 1471 2819 1714 2915; x_wconf 82' lang='lat' dir='ltr'><strong>praecipitem</strong></span> <span class='ocrx_word' id='word_1_130' title='bbox 1733 2817 1919 2918; x_wconf 84' lang='lat' dir='ltr'><strong>Africum</strong></span> <span class='ocrx_word' id='word_1_131' title='bbox 1939 2819 2057 2892; x_wconf 85' lang='lat' dir='ltr'><strong>decer·</strong></span> 
     </span>
     <span class='ocr_line' id='line_1_16' title="bbox 564 2942 2058 3040; baseline 0 -24"><span class='ocrx_word' id='word_1_132' title='bbox 564 2954 701 3018; x_wconf 75' lang='lat' dir='ltr'><strong>laniem</strong></span> <span class='ocrx_word' id='word_1_133' title='bbox 727 2943 997 3040; x_wconf 79' lang='lat' dir='ltr'><strong>Aquilonibus,</strong></span> <span class='ocrx_word' id='word_1_134' title='bbox 1034 2943 1105 3016; x_wconf 93' lang='lat' dir='ltr'><strong>hoc</strong></span> <span class='ocrx_word' id='word_1_135' title='bbox 1130 2958 1208 3016; x_wconf 91' lang='lat' dir='ltr'><strong>est:</strong></span> <span class='ocrx_word' id='word_1_136' title='bbox 1239 2943 1304 3040; x_wconf 95' lang='lat' dir='ltr'><strong>qui</strong></span> <span class='ocrx_word' id='word_1_137' title='bbox 1331 2943 1490 3016; x_wconf 88' lang='lat' dir='ltr'><strong>credidit</strong></span> <span class='ocrx_word' id='word_1_138' title='bbox 1515 2968 1652 3016; x_wconf 90' lang='lat' dir='ltr'><strong>nauem</strong></span> <span class='ocrx_word' id='word_1_139' title='bbox 1679 2942 1789 3016; x_wconf 92' lang='lat' dir='ltr'><strong>undis</strong></span> <span class='ocrx_word' id='word_1_140' title='bbox 1814 2943 1896 3016; x_wconf 91' lang='lat' dir='ltr'><strong>sine</strong></span> <span class='ocrx_word' id='word_1_141' title='bbox 1923 2943 2058 3017; x_wconf 91' lang='lat' dir='ltr'><strong>timore</strong></span> 
     </span>
     <span class='ocr_line' id='line_1_17' title="bbox 563 3067 2057 3165; baseline -0.001 -23"><span class='ocrx_word' id='word_1_142' title='bbox 563 3070 808 3142; x_wconf 89' lang='lat' dir='ltr'><strong>aduersorum</strong></span> <span class='ocrx_word' id='word_1_143' title='bbox 842 3068 955 3141; x_wconf 90' lang='lat' dir='ltr'><strong>maris</strong></span> <span class='ocrx_word' id='word_1_144' title='bbox 990 3093 1143 3140; x_wconf 92' lang='lat' dir='ltr'><strong>casuum</strong></span> <span class='ocrx_word' id='word_1_145' title='bbox 1169 3067 1290 3140; x_wconf 90' lang='lat' dir='ltr'><strong>serius</strong></span> <span class='ocrx_word' id='word_1_146' title='bbox 1315 3067 1418 3140; x_wconf 93' lang='lat' dir='ltr'><strong>ocius</strong></span> <span class='ocrx_word' id='word_1_147' title='bbox 1444 3083 1548 3140; x_wconf 92' lang='lat' dir='ltr'><strong>certo</strong></span> <span class='ocrx_word' id='word_1_148' title='bbox 1575 3067 1816 3153; x_wconf 89' lang='lat' dir='ltr'><strong>instantium;</strong></span> <span class='ocrx_word' id='word_1_149' title='bbox 1844 3067 1930 3140; x_wconf 92' lang='lat' dir='ltr'><strong>hinc</strong></span> <span class='ocrx_word' id='word_1_150' title='bbox 1955 3069 2057 3165; x_wconf 87' lang='lat' dir='ltr'><strong>apud</strong></span> 
     </span>
     <span class='ocr_line' id='line_1_18' title="bbox 563 3190 2057 3288; baseline -0.001 -22"><span class='ocrx_word' id='word_1_151' title='bbox 563 3193 813 3266; x_wconf 89' lang='lat' dir='ltr'><strong>Dracontium</strong></span> <span class='ocrx_word' id='word_1_152' title='bbox 839 3192 861 3266; x_wconf 93' lang='lat' dir='ltr'><strong>l.</strong></span> <span class='ocrx_word' id='word_1_153' title='bbox 883 3191 905 3266; x_wconf 91' lang='lat' dir='ltr'><strong>l.</strong></span> <span class='ocrx_word' id='word_1_154' title='bbox 932 3193 1031 3265; x_wconf 90' lang='lat' dir='ltr'><strong>bene</strong></span> <span class='ocrx_word' id='word_1_155' title='bbox 1057 3191 1156 3265; x_wconf 91' lang='lat' dir='ltr'><strong>inter</strong></span> <span class='ocrx_word' id='word_1_156' title='bbox 1182 3208 1325 3265; x_wconf 90' lang='lat' dir='ltr'><strong>metum</strong></span> <span class='ocrx_word' id='word_1_157' title='bbox 1352 3190 1600 3288; x_wconf 88' lang='lat' dir='ltr'><strong>procellarum</strong></span> <span class='ocrx_word' id='word_1_158' title='bbox 1625 3191 1723 3265; x_wconf 84' lang='lat' dir='ltr'><strong>sorte</strong></span> <span class='ocrx_word' id='word_1_159' title='bbox 1748 3192 1991 3266; x_wconf 89' lang='lat' dir='ltr'><strong>oriundarum</strong></span> <span class='ocrx_word' id='word_1_160' title='bbox 2017 3207 2057 3266; x_wconf 93' lang='lat' dir='ltr'><strong>et</strong></span> 
     </span>
     <span class='ocr_line' id='line_1_19' title="bbox 563 3317 2057 3415; baseline -0.001 -23"><span class='ocrx_word' id='word_1_161' title='bbox 563 3343 666 3392; x_wconf 88' lang='lat' dir='ltr'><strong>mare</strong></span> <span class='ocrx_word' id='word_1_162' title='bbox 700 3318 775 3391; x_wconf 89' lang='lat' dir='ltr'><strong>iam</strong></span> <span class='ocrx_word' id='word_1_163' title='bbox 809 3319 981 3391; x_wconf 88' lang='lat' dir='ltr'><strong>rabidum</strong></span> <span class='ocrx_word' id='word_1_164' title='bbox 1006 3317 1264 3415; x_wconf 90' lang='lat' dir='ltr'><strong>distinguitur.</strong></span> <span class='ocrx_word' id='word_1_165' title='bbox 1300 3333 1340 3390; x_wconf 90' lang='lat' dir='ltr'><strong>at</strong></span> <span class='ocrx_word' id='word_1_166' title='bbox 1365 3317 1396 3390; x_wconf 96' lang='lat' dir='ltr'><strong>si</strong></span> <span class='ocrx_word' id='word_1_167' title='bbox 1422 3319 1532 3391; x_wconf 90' lang='lat' dir='ltr'><strong>adest</strong></span> <span class='ocrx_word' id='word_1_168' title='bbox 1557 3333 1767 3414; x_wconf 86' lang='lat' dir='ltr'><strong>tempestas</strong></span> <span class='ocrx_word' id='word_1_169' title='bbox 1793 3343 1925 3391; x_wconf 89' lang='lat' dir='ltr'><strong>necem</strong></span> <span class='ocrx_word' id='word_1_170' title='bbox 1951 3318 2057 3391; x_wconf 87' lang='lat' dir='ltr'><strong>exiti·</strong></span> 
     </span>
     <span class='ocr_line' id='line_1_20' title="bbox 504 3440 2056 3540; baseline 0 -26"><span class='ocrx_word' id='word_1_171' title='bbox 504 3440 507 3446; x_wconf 77' lang='grc'><strong>’</strong></span> <span class='ocrx_word' id='word_1_172' title='bbox 563 3467 704 3540; x_wconf 90' lang='lat' dir='ltr'><strong>umque</strong></span> <span class='ocrx_word' id='word_1_173' title='bbox 737 3441 934 3529; x_wconf 87' lang='lat' dir='ltr'><strong>minitans,</strong></span> <span class='ocrx_word' id='word_1_174' title='bbox 971 3458 1052 3515; x_wconf 92' lang='lat' dir='ltr'><strong>tum</strong></span> <span class='ocrx_word' id='word_1_175' title='bbox 1087 3467 1170 3516; x_wconf 89' lang='lat' dir='ltr'><strong>eam</strong></span> <span class='ocrx_word' id='word_1_176' title='bbox 1203 3457 1319 3538; x_wconf 89' lang='lat' dir='ltr'><strong>pauet</strong></span> <span class='ocrx_word' id='word_1_177' title='bbox 1344 3458 1383 3515; x_wconf 92' lang='lat' dir='ltr'><strong>et</strong></span> <span class='ocrx_word' id='word_1_178' title='bbox 1410 3442 1539 3515; x_wconf 91' lang='lat' dir='ltr'><strong>horret</strong></span> <span class='ocrx_word' id='word_1_179' title='bbox 1564 3457 1604 3514; x_wconf 90' lang='lat' dir='ltr'><strong>et</strong></span> <span class='ocrx_word' id='word_1_180' title='bbox 1629 3441 1797 3538; x_wconf 90' lang='lat' dir='ltr'><strong>trepidat</strong></span> <span class='ocrx_word' id='word_1_181' title='bbox 1822 3442 1954 3527; x_wconf 89' lang='lat' dir='ltr'><strong>homo,</strong></span> <span class='ocrx_word' id='word_1_182' title='bbox 1981 3441 2056 3516; x_wconf 91' lang='lat' dir='ltr'><strong>iam</strong></span> 
     </span>
     <span class='ocr_line' id='line_1_21' title="bbox 562 3565 2054 3663; baseline 0 -24"><span class='ocrx_word' id='word_1_183' title='bbox 562 3591 639 3639; x_wconf 93' lang='lat' dir='ltr'><strong>non</strong></span> <span class='ocrx_word' id='word_1_184' title='bbox 674 3591 758 3639; x_wconf 88' lang='lat' dir='ltr'><strong>eam</strong></span> <span class='ocrx_word' id='word_1_185' title='bbox 793 3566 948 3654; x_wconf 89' lang='lat' dir='ltr'><strong>metuit;</strong></span> <span class='ocrx_word' id='word_1_186' title='bbox 984 3566 1027 3640; x_wconf 91' lang='lat' dir='ltr'><strong>cs.</strong></span> <span class='ocrx_word' id='word_1_187' title='bbox 1062 3592 1121 3639; x_wconf 90' lang='lat' dir='ltr'><strong>ex.</strong></span> <span class='ocrx_word' id='word_1_188' title='bbox 1156 3591 1212 3663; x_wconf 85' lang='lat' dir='ltr'><strong>gr.</strong></span> <span class='ocrx_word' id='word_1_189' title='bbox 1249 3568 1359 3663; x_wconf 91' lang='lat' dir='ltr'><strong>epod.</strong></span> <span class='ocrx_word' id='word_1_190' title='bbox 1394 3590 1435 3652; x_wconf 92' lang='lat'><strong>2,</strong></span> <span class='ocrx_word' id='word_1_191' title='bbox 1462 3571 1484 3638; x_wconf 91' lang='lat'><strong>6</strong></span> <span class='ocrx_word' id='word_1_192' title='bbox 1510 3565 1644 3639; x_wconf 80' lang='lat' dir='ltr'><strong>horret</strong></span> <span class='ocrx_word' id='word_1_193' title='bbox 1665 3565 1810 3639; x_wconf 83' lang='lat' dir='ltr'><strong>iratum</strong></span> <span class='ocrx_word' id='word_1_194' title='bbox 1836 3592 1959 3654; x_wconf 86' lang='lat' dir='ltr'><strong>mare,</strong></span> <span class='ocrx_word' id='word_1_195' title='bbox 1993 3568 2054 3640; x_wconf 92' lang='lat' dir='ltr'><strong>od.</strong></span> 
     </span>
     <span class='ocr_line' id='line_1_22' title="bbox 562 3690 2055 3788; baseline -0.001 -24"><span class='ocrx_word' id='word_1_196' title='bbox 562 3691 594 3764; x_wconf 94' lang='lat' dir='ltr'><strong>Il</strong></span> <span class='ocrx_word' id='word_1_197' title='bbox 626 3714 687 3784; x_wconf 83' lang='lat'><strong>13,</strong></span> <span class='ocrx_word' id='word_1_198' title='bbox 720 3714 762 3783; x_wconf 91' lang='lat'><strong>14</strong></span> <span class='ocrx_word' id='word_1_199' title='bbox 796 3691 929 3764; x_wconf 81' lang='lat' dir='ltr'><strong>ueuitu</strong></span> <span class='ocrx_word' id='word_1_200' title='bbox 954 3691 1195 3788; x_wconf 79' lang='lat' dir='ltr'><strong>Bosphorum</strong></span> <span class='ocrx_word' id='word_1_201' title='bbox 1228 3690 1384 3788; x_wconf 74' lang='lat' dir='ltr'><strong>Thyrius</strong></span> <span class='ocrx_word' id='word_1_202' title='bbox 1402 3690 1662 3787; x_wconf 81' lang='lat' dir='ltr'><strong>perhorrescit</strong></span> <span class='ocrx_word' id='word_1_203' title='bbox 1685 3716 1799 3787; x_wconf 83' lang='lat' dir='ltr'><strong>neque</strong></span> <span class='ocrx_word' id='word_1_204' title='bbox 1823 3693 1928 3766; x_wconf 85' lang='lat' dir='ltr'><strong>ultra</strong></span> <span class='ocrx_word' id='word_1_205' title='bbox 1952 3717 2055 3764; x_wconf 87' lang='lat' dir='ltr'><strong>caeca</strong></span> 
     </span>
     <span class='ocr_line' id='line_1_23' title="bbox 561 3814 2055 3915; baseline 0.001 -28"><span class='ocrx_word' id='word_1_206' title='bbox 561 3816 666 3888; x_wconf 81' lang='lat' dir='ltr'><strong>timet</strong></span> <span class='ocrx_word' id='word_1_207' title='bbox 695 3815 847 3889; x_wconf 83' lang='lat' dir='ltr'><strong>aliunde</strong></span> <span class='ocrx_word' id='word_1_208' title='bbox 871 3814 984 3915; x_wconf 83' lang='lat' dir='ltr'><strong>fatu,</strong></span> <span class='ocrx_word' id='word_1_209' title='bbox 1015 3841 1092 3913; x_wconf 93' lang='lat' dir='ltr'><strong>quo</strong></span> <span class='ocrx_word' id='word_1_210' title='bbox 1117 3841 1165 3889; x_wconf 89' lang='lat' dir='ltr'><strong>ex</strong></span> <span class='ocrx_word' id='word_1_211' title='bbox 1191 3814 1272 3889; x_wconf 94' lang='lat' dir='ltr'><strong>loco</strong></span> <span class='ocrx_word' id='word_1_212' title='bbox 1298 3815 1390 3913; x_wconf 94' lang='lat' dir='ltr'><strong>quid</strong></span> <span class='ocrx_word' id='word_1_213' title='bbox 1416 3814 1640 3888; x_wconf 91' lang='lat' dir='ltr'><strong>discriminis</strong></span> <span class='ocrx_word' id='word_1_214' title='bbox 1665 3814 1814 3889; x_wconf 90' lang='lat' dir='ltr'><strong>intersit</strong></span> <span class='ocrx_word' id='word_1_215' title='bbox 1839 3814 1946 3889; x_wconf 90' lang='lat' dir='ltr'><strong>sacile</strong></span> <span class='ocrx_word' id='word_1_216' title='bbox 1972 3841 2055 3889; x_wconf 91' lang='lat' dir='ltr'><strong>nos-</strong></span> 
     </span>
     <span class='ocr_line' id='line_1_24' title="bbox 561 3937 2054 4038; baseline -0.001 -25"><span class='ocrx_word' id='word_1_217' title='bbox 561 3940 667 4013; x_wconf 91' lang='lat' dir='ltr'><strong>citur.</strong></span> <span class='ocrx_word' id='word_1_218' title='bbox 704 3964 792 4013; x_wconf 90' lang='lat' dir='ltr'><strong>nam</strong></span> <span class='ocrx_word' id='word_1_219' title='bbox 827 3939 963 4013; x_wconf 88' lang='lat' dir='ltr'><strong>metuit</strong></span> <span class='ocrx_word' id='word_1_220' title='bbox 988 3940 1142 4038; x_wconf 91' lang='lat' dir='ltr'><strong>quidem</strong></span> <span class='ocrx_word' id='word_1_221' title='bbox 1167 3940 1375 4014; x_wconf 89' lang='lat' dir='ltr'><strong>etiamtunc</strong></span> <span class='ocrx_word' id='word_1_222' title='bbox 1402 3937 1484 4025; x_wconf 88' lang='lat' dir='ltr'><strong>ille,</strong></span> <span class='ocrx_word' id='word_1_223' title='bbox 1511 3939 1579 4012; x_wconf 91' lang='lat' dir='ltr'><strong>sed</strong></span> <span class='ocrx_word' id='word_1_224' title='bbox 1604 3939 1739 4012; x_wconf 90' lang='lat' dir='ltr'><strong>metuit</strong></span> <span class='ocrx_word' id='word_1_225' title='bbox 1766 3965 1814 4012; x_wconf 91' lang='lat' dir='ltr'><strong>ne</strong></span> <span class='ocrx_word' id='word_1_226' title='bbox 1839 3941 1888 4013; x_wconf 89' lang='lat' dir='ltr'><strong>ad</strong></span> <span class='ocrx_word' id='word_1_227' title='bbox 1914 3939 2054 4013; x_wconf 92' lang='lat' dir='ltr'><strong>malum</strong></span> 
     </span>
     <span class='ocr_line' id='line_1_25' title="bbox 562 4064 2054 4162; baseline 0.001 -25"><span class='ocrx_word' id='word_1_228' title='bbox 562 4065 675 4137; x_wconf 90' lang='lat' dir='ltr'><strong>finem</strong></span> <span class='ocrx_word' id='word_1_229' title='bbox 711 4089 772 4137; x_wconf 92' lang='lat' dir='ltr'><strong>res</strong></span> <span class='ocrx_word' id='word_1_230' title='bbox 809 4066 1038 4161; x_wconf 87' lang='lat' dir='ltr'><strong>perducatur</strong></span> <span class='ocrx_word' id='word_1_231' title='bbox 1071 4090 1170 4138; x_wconf 90' lang='lat' dir='ltr'><strong>neue</strong></span> <span class='ocrx_word' id='word_1_232' title='bbox 1203 4090 1347 4138; x_wconf 88' lang='lat' dir='ltr'><strong>merces</strong></span> <span class='ocrx_word' id='word_1_233' title='bbox 1375 4079 1534 4162; x_wconf 89' lang='lat' dir='ltr'><strong>pereant</strong></span> <span class='ocrx_word' id='word_1_234' title='bbox 1558 4079 1677 4161; x_wconf 91' lang='lat' dir='ltr'><strong>utque</strong></span> <span class='ocrx_word' id='word_1_235' title='bbox 1703 4064 1865 4160; x_wconf 89' lang='lat' dir='ltr'><strong>patriam</strong></span> <span class='ocrx_word' id='word_1_236' title='bbox 1890 4090 2054 4162; x_wconf 89' lang='lat' dir='ltr'><strong>suosque</strong></span> 
     </span>
     <span class='ocr_line' id='line_1_26' title="bbox 561 4186 2054 4286; baseline 0.001 -25"><span class='ocrx_word' id='word_1_237' title='bbox 561 4213 740 4286; x_wconf 88' lang='lat' dir='ltr'><strong>umquam</strong></span> <span class='ocrx_word' id='word_1_238' title='bbox 778 4189 919 4262; x_wconf 91' lang='lat' dir='ltr'><strong>reuisat</strong></span> <span class='ocrx_word' id='word_1_239' title='bbox 956 4213 1132 4286; x_wconf 91' lang='lat' dir='ltr'><strong>quaeque</strong></span> <span class='ocrx_word' id='word_1_240' title='bbox 1165 4204 1254 4263; x_wconf 90' lang='lat' dir='ltr'><strong>sunt</strong></span> <span class='ocrx_word' id='word_1_241' title='bbox 1288 4188 1503 4262; x_wconf 91' lang='lat' dir='ltr'><strong>huiusmodi</strong></span> <span class='ocrx_word' id='word_1_242' title='bbox 1539 4186 1686 4263; x_wconf 90' lang='lat' dir='ltr'><strong>similia.</strong></span> <span class='ocrx_word' id='word_1_243' title='bbox 1726 4188 1856 4286; x_wconf 90' lang='lat' dir='ltr'><strong>itaque</strong></span> <span class='ocrx_word' id='word_1_244' title='bbox 1889 4189 1927 4261; x_wconf 90' lang='lat' dir='ltr'><strong>in</strong></span> <span class='ocrx_word' id='word_1_245' title='bbox 1962 4189 2054 4286; x_wconf 92' lang='lat' dir='ltr'><strong>ipsis</strong></span> 
     </span>
     <span class='ocr_line' id='line_1_27' title="bbox 561 4310 2052 4414; baseline 0.001 -29"><span class='ocrx_word' id='word_1_246' title='bbox 561 4313 686 4387; x_wconf 90' lang='lat' dir='ltr'><strong>uerbis</strong></span> <span class='ocrx_word' id='word_1_247' title='bbox 722 4314 921 4388; x_wconf 74' lang='lat' dir='ltr'><strong>luctarum</strong></span> <span class='ocrx_word' id='word_1_248' title='bbox 958 4315 994 4387; x_wconf 90' lang='lat' dir='ltr'><strong>I.</strong></span> <span class='ocrx_word' id='word_1_249' title='bbox 1021 4312 1060 4413; x_wconf 87' lang='lat' dir='ltr'><strong>f.</strong></span> <span class='ocrx_word' id='word_1_250' title='bbox 1095 4313 1281 4414; x_wconf 85' lang='lat' dir='ltr'><strong>Africum</strong></span> <span class='ocrx_word' id='word_1_251' title='bbox 1318 4323 1503 4386; x_wconf 78' lang='lat' dir='ltr'><strong>mercator</strong></span> <span class='ocrx_word' id='word_1_252' title='bbox 1540 4322 1705 4386; x_wconf 83' lang='lat' dir='ltr'><strong>metuens</strong></span> <span class='ocrx_word' id='word_1_253' title='bbox 1742 4310 1833 4384; x_wconf 93' lang='lat' dir='ltr'><strong>nihil</strong></span> <span class='ocrx_word' id='word_1_254' title='bbox 1872 4312 2052 4400; x_wconf 89' lang='lat' dir='ltr'><strong>habetur,</strong></span> 
     </span>
     <span class='ocr_line' id='line_1_28' title="bbox 561 4435 2051 4535; baseline 0 -25"><span class='ocrx_word' id='word_1_255' title='bbox 561 4439 661 4511; x_wconf 93' lang='lat' dir='ltr'><strong>unde</strong></span> <span class='ocrx_word' id='word_1_256' title='bbox 695 4453 911 4511; x_wconf 89' lang='lat' dir='ltr'><strong>uersantem</strong></span> <span class='ocrx_word' id='word_1_257' title='bbox 947 4437 985 4510; x_wconf 94' lang='lat' dir='ltr'><strong>in</strong></span> <span class='ocrx_word' id='word_1_258' title='bbox 1021 4437 1145 4510; x_wconf 90' lang='lat' dir='ltr'><strong>media</strong></span> <span class='ocrx_word' id='word_1_259' title='bbox 1180 4436 1344 4535; x_wconf 92' lang='lat' dir='ltr'><strong>procella</strong></span> <span class='ocrx_word' id='word_1_260' title='bbox 1374 4453 1529 4510; x_wconf 87' lang='lat' dir='ltr'><strong>nautam</strong></span> <span class='ocrx_word' id='word_1_261' title='bbox 1555 4436 1664 4510; x_wconf 89' lang='lat' dir='ltr'><strong>nobis</strong></span> <span class='ocrx_word' id='word_1_262' title='bbox 1690 4435 1820 4509; x_wconf 89' lang='lat' dir='ltr'><strong>uidere</strong></span> <span class='ocrx_word' id='word_1_263' title='bbox 1846 4436 2051 4510; x_wconf 88' lang='lat' dir='ltr'><strong>uideamur.</strong></span> 
     </span>
     <span class='ocr_line' id='line_1_29' title="bbox 560 4560 2054 4658; baseline 0 -24"><span class='ocrx_word' id='word_1_264' title='bbox 560 4562 674 4636; x_wconf 93' lang='lat' dir='ltr'><strong>immo</strong></span> <span class='ocrx_word' id='word_1_265' title='bbox 700 4562 731 4636; x_wconf 89' lang='lat' dir='ltr'><strong>si</strong></span> <span class='ocrx_word' id='word_1_266' title='bbox 757 4590 819 4634; x_wconf 93' lang='lat' dir='ltr'><strong>uu.</strong></span> <span class='ocrx_word' id='word_1_267' title='bbox 851 4563 991 4656; x_wconf 88' lang='lat'><strong>15—18</strong></span> <span class='ocrx_word' id='word_1_268' title='bbox 1019 4561 1149 4634; x_wconf 90' lang='lat' dir='ltr'><strong>intacti</strong></span> <span class='ocrx_word' id='word_1_269' title='bbox 1176 4562 1224 4635; x_wconf 90' lang='lat' dir='ltr'><strong>ab</strong></span> <span class='ocrx_word' id='word_1_270' title='bbox 1250 4561 1504 4658; x_wconf 86' lang='lat' dir='ltr'><strong>interpretum</strong></span> <span class='ocrx_word' id='word_1_271' title='bbox 1529 4560 1723 4634; x_wconf 90' lang='lat' dir='ltr'><strong>lenociniis</strong></span> <span class='ocrx_word' id='word_1_272' title='bbox 1749 4575 1879 4633; x_wconf 90' lang='lat' dir='ltr'><strong>mente</strong></span> <span class='ocrx_word' id='word_1_273' title='bbox 1904 4560 2054 4658; x_wconf 85' lang='lat' dir='ltr'><strong>integra</strong></span> 
     </span>
     <span class='ocr_line' id='line_1_30' title="bbox 559 4683 2053 4784; baseline -0.003 -24"><span class='ocrx_word' id='word_1_274' title='bbox 559 4685 850 4784; x_wconf 89' lang='lat' dir='ltr'><strong>perlegerimus,</strong></span> <span class='ocrx_word' id='word_1_275' title='bbox 885 4685 1000 4760; x_wconf 89' lang='lat' dir='ltr'><strong>talem</strong></span> <span class='ocrx_word' id='word_1_276' title='bbox 1035 4685 1248 4759; x_wconf 89' lang='lat' dir='ltr'><strong>necessario</strong></span> <span class='ocrx_word' id='word_1_277' title='bbox 1284 4685 1337 4758; x_wconf 91' lang='lat' dir='ltr'><strong>rei</strong></span> <span class='ocrx_word' id='word_1_278' title='bbox 1363 4685 1567 4783; x_wconf 86' lang='lat' dir='ltr'><strong>imaginem</strong></span> <span class='ocrx_word' id='word_1_279' title='bbox 1594 4685 1704 4758; x_wconf 93' lang='lat' dir='ltr'><strong>nobis</strong></span> <span class='ocrx_word' id='word_1_280' title='bbox 1729 4684 1855 4758; x_wconf 90' lang='lat' dir='ltr'><strong>animo</strong></span> <span class='ocrx_word' id='word_1_281' title='bbox 1880 4683 2053 4758; x_wconf 83' lang='lat' dir='ltr'><strong>formabi·</strong></span> 
     </span>
     <span class='ocr_line' id='line_1_31' title="bbox 558 4808 2054 4907; baseline 0 -24"><span class='ocrx_word' id='word_1_282' title='bbox 558 4837 662 4898; x_wconf 81' lang='lat' dir='ltr'><strong>muS,</strong></span> <span class='ocrx_word' id='word_1_283' title='bbox 705 4809 809 4884; x_wconf 91' lang='lat' dir='ltr'><strong>illum</strong></span> <span class='ocrx_word' id='word_1_284' title='bbox 844 4810 962 4884; x_wconf 89' lang='lat' dir='ltr'><strong>sracto</strong></span> <span class='ocrx_word' id='word_1_285' title='bbox 996 4809 1149 4907; x_wconf 89' lang='lat' dir='ltr'><strong>nauigio</strong></span> <span class='ocrx_word' id='word_1_286' title='bbox 1182 4808 1414 4907; x_wconf 92' lang='lat' dir='ltr'><strong>aliquamdiu</strong></span> <span class='ocrx_word' id='word_1_287' title='bbox 1449 4809 1624 4884; x_wconf 89' lang='lat' dir='ltr'><strong>laudasse</strong></span> <span class='ocrx_word' id='word_1_288' title='bbox 1658 4808 1820 4882; x_wconf 88' lang='lat' dir='ltr'><strong>rusticae</strong></span> <span class='ocrx_word' id='word_1_289' title='bbox 1854 4809 1892 4881; x_wconf 93' lang='lat' dir='ltr'><strong>in</strong></span> <span class='ocrx_word' id='word_1_290' title='bbox 1931 4809 2054 4905; x_wconf 89' lang='lat' dir='ltr'><strong>patria</strong></span> 
     </span>
     <span class='ocr_line' id='line_1_32' title="bbox 557 4932 2053 5030; baseline -0.002 -21"><span class='ocrx_word' id='word_1_291' title='bbox 557 4961 627 5009; x_wconf 92' lang='lat' dir='ltr'><strong>sua</strong></span> <span class='ocrx_word' id='word_1_292' title='bbox 660 4935 761 5009; x_wconf 90' lang='lat' dir='ltr'><strong>uitae</strong></span> <span class='ocrx_word' id='word_1_293' title='bbox 795 4934 1037 5008; x_wconf 90' lang='lat' dir='ltr'><strong>securitatem</strong></span> <span class='ocrx_word' id='word_1_294' title='bbox 1071 4949 1176 5007; x_wconf 93' lang='lat' dir='ltr'><strong>metu</strong></span> <span class='ocrx_word' id='word_1_295' title='bbox 1211 4934 1348 5022; x_wconf 83' lang='lat' dir='ltr'><strong>Africi,</strong></span> <span class='ocrx_word' id='word_1_296' title='bbox 1384 4933 1490 5008; x_wconf 93' lang='lat' dir='ltr'><strong>cuius</strong></span> <span class='ocrx_word' id='word_1_297' title='bbox 1523 4933 1722 5008; x_wconf 89' lang='lat' dir='ltr'><strong>saeuitiam</strong></span> <span class='ocrx_word' id='word_1_298' title='bbox 1752 4932 1842 5006; x_wconf 92' lang='lat' dir='ltr'><strong>olim</strong></span> <span class='ocrx_word' id='word_1_299' title='bbox 1871 4949 2053 5030; x_wconf 88' lang='lat' dir='ltr'><strong>expertus</strong></span> 
     </span>
     <span class='ocr_line' id='line_1_33' title="bbox 557 5057 2050 5156; baseline -0.001 -23"><span class='ocrx_word' id='word_1_300' title='bbox 557 5075 678 5147; x_wconf 89' lang='lat' dir='ltr'><strong>esset,</strong></span> <span class='ocrx_word' id='word_1_301' title='bbox 725 5085 813 5133; x_wconf 88' lang='lat' dir='ltr'><strong>mox</strong></span> <span class='ocrx_word' id='word_1_302' title='bbox 858 5075 985 5132; x_wconf 88' lang='lat' dir='ltr'><strong>tamen</strong></span> <span class='ocrx_word' id='word_1_303' title='bbox 1021 5057 1147 5131; x_wconf 90' lang='lat' dir='ltr'><strong>taedio</strong></span> <span class='ocrx_word' id='word_1_304' title='bbox 1181 5058 1418 5155; x_wconf 88' lang='lat' dir='ltr'><strong>paupertatis</strong></span> <span class='ocrx_word' id='word_1_305' title='bbox 1451 5073 1578 5132; x_wconf 92' lang='lat' dir='ltr'><strong>actum</strong></span> <span class='ocrx_word' id='word_1_306' title='bbox 1613 5083 1780 5156; x_wconf 90' lang='lat' dir='ltr'><strong>aequora</strong></span> <span class='ocrx_word' id='word_1_307' title='bbox 1817 5057 2050 5155; x_wconf 89' lang='lat' dir='ltr'><strong>repetiuisse.</strong></span> 
     </span>
     <span class='ocr_line' id='line_1_34' title="bbox 558 5182 2052 5280; baseline -0.003 -22"><span class='ocrx_word' id='word_1_308' title='bbox 558 5210 606 5258; x_wconf 97' lang='lat' dir='ltr'><strong>en</strong></span> <span class='ocrx_word' id='word_1_309' title='bbox 632 5183 810 5258; x_wconf 93' lang='lat' dir='ltr'><strong>bellulum</strong></span> <span class='ocrx_word' id='word_1_310' title='bbox 837 5198 1105 5269; x_wconf 90' lang='lat' dir='ltr'><strong>mercatorem,</strong></span> <span class='ocrx_word' id='word_1_311' title='bbox 1132 5182 1196 5280; x_wconf 95' lang='lat' dir='ltr'><strong>qui</strong></span> <span class='ocrx_word' id='word_1_312' title='bbox 1223 5182 1365 5256; x_wconf 90' lang='lat' dir='ltr'><strong>inuitus</strong></span> <span class='ocrx_word' id='word_1_313' title='bbox 1390 5183 1671 5280; x_wconf 92' lang='lat' dir='ltr'><strong>quodammodo</strong></span> <span class='ocrx_word' id='word_1_314' title='bbox 1693 5198 1732 5256; x_wconf 91' lang='lat' dir='ltr'><strong>et</strong></span> <span class='ocrx_word' id='word_1_315' title='bbox 1751 5183 1864 5255; x_wconf 92' lang='lat' dir='ltr'><strong>corde</strong></span> <span class='ocrx_word' id='word_1_316' title='bbox 1877 5197 2052 5256; x_wconf 88' lang='lat' dir='ltr'><strong>metuens</strong></span> 
     </span>
     <span class='ocr_line' id='line_1_35' title="bbox 557 5306 2051 5405; baseline -0.003 -23"><span class='ocrx_word' id='word_1_317' title='bbox 557 5309 672 5383; x_wconf 87' lang='lat' dir='ltr'><strong>solius</strong></span> <span class='ocrx_word' id='word_1_318' title='bbox 706 5309 828 5382; x_wconf 91' lang='lat' dir='ltr'><strong>uictus</strong></span> <span class='ocrx_word' id='word_1_319' title='bbox 848 5307 1047 5382; x_wconf 83' lang='lat' dir='ltr'><strong>¹tenuioris</strong></span> <span class='ocrx_word' id='word_1_320' title='bbox 1082 5307 1172 5404; x_wconf 85' lang='lat' dir='ltr'><strong>suga</strong></span> <span class='ocrx_word' id='word_1_321' title='bbox 1206 5307 1322 5381; x_wconf 91' lang='lat' dir='ltr'><strong>intrat</strong></span> <span class='ocrx_word' id='word_1_322' title='bbox 1357 5332 1480 5395; x_wconf 90' lang='lat' dir='ltr'><strong>mare,</strong></span> <span class='ocrx_word' id='word_1_323' title='bbox 1516 5323 1755 5405; x_wconf 89' lang='lat' dir='ltr'><strong>quantopere</strong></span> <span class='ocrx_word' id='word_1_324' title='bbox 1789 5322 1976 5380; x_wconf 91' lang='lat' dir='ltr'><strong>mutatum</strong></span> <span class='ocrx_word' id='word_1_325' title='bbox 2001 5306 2051 5379; x_wconf 91' lang='lat' dir='ltr'><strong>ab</strong></span> 
     </span>
     <span class='ocr_line' id='line_1_36' title="bbox 558 5431 2050 5532; baseline -0.002 -26"><span class='ocrx_word' id='word_1_326' title='bbox 558 5433 619 5507; x_wconf 96' lang='lat' dir='ltr'><strong>illo</strong></span> <span class='ocrx_word' id='word_1_327' title='bbox 645 5459 758 5532; x_wconf 92' lang='lat' dir='ltr'><strong>quem</strong></span> <span class='ocrx_word' id='word_1_328' title='bbox 784 5458 900 5529; x_wconf 88' lang='lat' dir='ltr'><strong>supra</strong></span> <span class='ocrx_word' id='word_1_329' title='bbox 925 5431 1164 5529; x_wconf 89' lang='lat' dir='ltr'><strong>suspeximus</strong></span> <span class='ocrx_word' id='word_1_330' title='bbox 1188 5431 1384 5518; x_wconf 90' lang='lat' dir='ltr'><strong>admirati,</strong></span> <span class='ocrx_word' id='word_1_331' title='bbox 1411 5457 1525 5530; x_wconf 89' lang='lat' dir='ltr'><strong>quam</strong></span> <span class='ocrx_word' id='word_1_332' title='bbox 1551 5432 1626 5505; x_wconf 92' lang='lat' dir='ltr'><strong>iam</strong></span> <span class='ocrx_word' id='word_1_333' title='bbox 1652 5457 1729 5505; x_wconf 93' lang='lat' dir='ltr'><strong>non</strong></span> <span class='ocrx_word' id='word_1_334' title='bbox 1756 5431 2050 5528; x_wconf 90' lang='lat' dir='ltr'><strong>respondentem</strong></span> 
     </span>
     <span class='ocr_line' id='line_1_37' title="bbox 557 5554 2051 5656; baseline -0.003 -24"><span class='ocrx_word' id='word_1_335' title='bbox 557 5574 695 5656; x_wconf 88' lang='lat' dir='ltr'><strong>poetae</strong></span> <span class='ocrx_word' id='word_1_336' title='bbox 719 5557 892 5632; x_wconf 87' lang='lat' dir='ltr'><strong>consilio!</strong></span> <span class='ocrx_word' id='word_1_337' title='bbox 919 5581 1007 5630; x_wconf 90' lang='lat' dir='ltr'><strong>nam</strong></span> <span class='ocrx_word' id='word_1_338' title='bbox 1033 5556 1105 5630; x_wconf 93' lang='lat' dir='ltr'><strong>hoc</strong></span> <span class='ocrx_word' id='word_1_339' title='bbox 1129 5556 1338 5630; x_wconf 88' lang='lat' dir='ltr'><strong>tenendum</strong></span> <span class='ocrx_word' id='word_1_340' title='bbox 1364 5572 1441 5644; x_wconf 89' lang='lat' dir='ltr'><strong>est,</strong></span> <span class='ocrx_word' id='word_1_341' title='bbox 1474 5581 1587 5654; x_wconf 91' lang='lat' dir='ltr'><strong>quam</strong></span> <span class='ocrx_word' id='word_1_342' title='bbox 1614 5571 1716 5629; x_wconf 90' lang='lat' dir='ltr'><strong>recte</strong></span> <span class='ocrx_word' id='word_1_343' title='bbox 1741 5581 1812 5652; x_wconf 91' lang='lat' dir='ltr'><strong>per</strong></span> <span class='ocrx_word' id='word_1_344' title='bbox 1829 5580 1872 5628; x_wconf 91' lang='lat' dir='ltr'><strong>se</strong></span> <span class='ocrx_word' id='word_1_345' title='bbox 1883 5554 2051 5628; x_wconf 83' lang='lat' dir='ltr'><strong>iudou&#39;lis</strong></span> 
     </span>
     <span class='ocr_line' id='line_1_38' title="bbox 556 5678 2050 5780; baseline -0.001 -25"><span class='ocrx_word' id='word_1_346' title='bbox 556 5681 618 5757; x_wconf 89' lang='lat' dir='ltr'><strong>ille</strong></span> <span class='ocrx_word' id='word_1_347' title='bbox 634 5683 858 5780; x_wconf 78' lang='lat' dir='ltr'><strong>pauperiem</strong></span> <span class='ocrx_word' id='word_1_348' title='bbox 873 5683 965 5779; x_wconf 79' lang='lat' dir='ltr'><strong>poti</strong></span> <span class='ocrx_word' id='word_1_349' title='bbox 987 5697 1145 5756; x_wconf 92' lang='lat' dir='ltr'><strong>uocetur</strong></span> <span class='ocrx_word' id='word_1_350' title='bbox 1171 5681 1229 5779; x_wconf 82' lang='lat' dir='ltr'><strong>(cs.</strong></span> <span class='ocrx_word' id='word_1_351' title='bbox 1257 5681 1366 5778; x_wconf 90' lang='lat' dir='ltr'><strong>epist.</strong></span> <span class='ocrx_word' id='word_1_352' title='bbox 1394 5682 1409 5755; x_wconf 92' lang='lat'>1</span> <span class='ocrx_word' id='word_1_353' title='bbox 1441 5706 1478 5768; x_wconf 92' lang='lat'><strong>1,</strong></span> <span class='ocrx_word' id='word_1_354' title='bbox 1504 5680 1589 5780; x_wconf 82' lang='lat'><strong>46),</strong></span> <span class='ocrx_word' id='word_1_355' title='bbox 1625 5696 1703 5754; x_wconf 90' lang='lat' dir='ltr'><strong>tam</strong></span> <span class='ocrx_word' id='word_1_356' title='bbox 1729 5704 1848 5777; x_wconf 90' lang='lat' dir='ltr'><strong>praue</strong></span> <span class='ocrx_word' id='word_1_357' title='bbox 1872 5679 1943 5753; x_wconf 95' lang='lat' dir='ltr'><strong>hoc</strong></span> <span class='ocrx_word' id='word_1_358' title='bbox 1969 5678 2050 5753; x_wconf 92' lang='lat' dir='ltr'><strong>loco</strong></span> 
     </span>
     <span class='ocr_line' id='line_1_39' title="bbox 556 5804 2050 5904; baseline -0.003 -22"><span class='ocrx_word' id='word_1_359' title='bbox 556 5809 606 5882; x_wconf 94' lang='lat' dir='ltr'><strong>ob</strong></span> <span class='ocrx_word' id='word_1_360' title='bbox 643 5833 727 5882; x_wconf 88' lang='lat' dir='ltr'><strong>eam</strong></span> <span class='ocrx_word' id='word_1_361' title='bbox 761 5833 875 5882; x_wconf 89' lang='lat' dir='ltr'><strong>unam</strong></span> <span class='ocrx_word' id='word_1_362' title='bbox 909 5832 1060 5882; x_wconf 87' lang='lat' dir='ltr'><strong>causam</strong></span> <span class='ocrx_word' id='word_1_363' title='bbox 1095 5805 1197 5879; x_wconf 92' lang='lat' dir='ltr'><strong>illum</strong></span> <span class='ocrx_word' id='word_1_364' title='bbox 1232 5805 1369 5879; x_wconf 91' lang='lat' dir='ltr'><strong>iterum</strong></span> <span class='ocrx_word' id='word_1_365' title='bbox 1406 5821 1565 5904; x_wconf 93' lang='lat' dir='ltr'><strong>pontum</strong></span> <span class='ocrx_word' id='word_1_366' title='bbox 1591 5804 1777 5902; x_wconf 86' lang='lat' dir='ltr'><strong>experiri,</strong></span> <span class='ocrx_word' id='word_1_367' title='bbox 1803 5829 1889 5876; x_wconf 92' lang='lat' dir='ltr'><strong>cum</strong></span> <span class='ocrx_word' id='word_1_368' title='bbox 1914 5819 2050 5878; x_wconf 90' lang='lat' dir='ltr'><strong>natura</strong></span> 
     </span>
     <span class='ocr_line' id='line_1_40' title="bbox 556 5929 2049 6029; baseline -0.003 -23"><span class='ocrx_word' id='word_1_369' title='bbox 556 5957 600 6006; x_wconf 88' lang='lat' dir='ltr'><strong>ac</strong></span> <span class='ocrx_word' id='word_1_370' title='bbox 647 5932 922 6006; x_wconf 90' lang='lat' dir='ltr'><strong>consuetudine</strong></span> <span class='ocrx_word' id='word_1_371' title='bbox 968 5931 1206 6029; x_wconf 90' lang='lat' dir='ltr'><strong>potissimum</strong></span> <span class='ocrx_word' id='word_1_372' title='bbox 1245 5930 1394 6004; x_wconf 90' lang='lat' dir='ltr'><strong>errandi</strong></span> <span class='ocrx_word' id='word_1_373' title='bbox 1433 5930 1676 6028; x_wconf 90' lang='lat' dir='ltr'><strong>audendique</strong></span> <span class='ocrx_word' id='word_1_374' title='bbox 1713 5929 1872 6027; x_wconf 92' lang='lat' dir='ltr'><strong>cupidus</strong></span> <span class='ocrx_word' id='word_1_375' title='bbox 1909 5929 2049 6003; x_wconf 84' lang='lat' dir='ltr'><strong>debeat</strong></span> 
     </span>
    </p>
   </div>
   <div class='ocr_carea' id='block_1_3' title="bbox 0 0 2624 7396">
    <p class='ocr_par' dir='ltr' id='par_1_4' title="bbox 0 0 2624 7396">
     <span class='ocr_line' id='line_1_41' title="bbox 0 0 2624 7396; baseline 0 6"><span class='ocrx_word' id='word_1_376' title='bbox 0 0 2624 7396; x_wconf 95' lang='lat' dir='ltr'><strong> </strong></span> 
     </span>
    </p>
   </div>
  </div>
 </body>
</html>
