5240 7396
830 1917 1238 2050 uuououus
1279 1901 1798 2055 uoalr'uunu.

1249 2253 1385 2298 soall’sn'

1073 2509 1285 2587 AEMILIUS
1317 2509 1559 2635 aAEHRuNS.

644 3172 685 3244 ln
720 3170 886 3244 carmine
920 3170 1042 3268 primo
1076 3169 1258 3244 Horatius
1292 3169 1443 3242 diuersa
1481 3169 1695 3244 mortalium
1730 3170 1856 3244 studia
1890 3196 1959 3268 per
1991 3171 2065 3244 tria

571 3295 734 3369 maxime
773 3295 967 3368 hominum
1004 3319 1147 3392 genera
1182 3295 1432 3392 persequitur.
1472 3311 1676 3393 postquam
1710 3295 1811 3368 enim
1846 3321 1906 3369 uu.
1944 3318 2065 3389 3-—10

572 3417 717 3493 nobiles
751 3419 945 3493 Romanos
970 3434 1037 3492 aut
1062 3419 1164 3492 omni
1190 3444 1307 3516 opere
1332 3419 1549 3493 adnitentes
1575 3435 1617 3493 ut
1642 3420 1681 3492 in
1707 3418 1805 3492 ludis
1830 3418 2064 3517 Olympiacis

571 3543 767 3618 uictoriam
803 3559 1000 3642 reportent
1032 3559 1099 3617 aut
1124 3544 1309 3617 honorum
1335 3543 1493 3641 cupidos
1518 3560 1585 3618 aut
1609 3543 1760 3618 diuitias
1786 3543 1825 3617 in
1850 3544 2064 3618 inmensum

571 3667 808 3742 cumulantes
842 3668 1059 3767 descripsit,
1095 3669 1168 3742 iam
1204 3667 1324 3742 altera
1348 3667 1607 3767 exemplorum
1632 3669 1730 3742 serie
1756 3696 1816 3743 uu.
1849 3671 1988 3743 11-18
2015 3670 2065 3744 ad

571 3792 806 3891 plebeculam
832 3792 999 3867 Italicam
1024 3793 1259 3866 descendens
1284 3792 1458 3890 depingit
1484 3793 1648 3890 negotiis
1672 3793 1750 3866 suis
1775 3792 1944 3867 intentos
1968 3793 2065 3892 agri-

485 3966 489 3974 ·
572 3915 692 3991 colam
727 3933 767 3990 et
792 3934 1059 4004 mercatorem,
1095 3916 1260 4014 denique
1287 3916 1400 3990 tertio
1425 3917 1557 3990 ordine
1583 3944 1644 3991 uu.
1677 3919 1817 4010 19—28
1843 3943 1910 3991 eos
1934 3919 2064 3992 adum·

571 4044 657 4116 brat
681 4042 746 4139 qui
771 4041 893 4115 solum
918 4041 989 4115 sibi
1017 4041 1352 4139 uoluptatibusque
1378 4041 1455 4114 suis
1480 4041 1624 4115 uiuunt.
1648 4042 1774 4115 media
1786 4057 1913 4116 autem
1927 4042 2063 4128 series,

572 4167 620 4240 de
645 4192 722 4264 qua
746 4193 829 4240 sum
855 4166 1135 4264 disputaturus
1163 4182 1222 4239 est
1247 4166 1381 4239 haece:

972 4343 1159 4404 Gaudentem
1181 4342 1290 4420 patrios
1310 4344 1421 4404 findere
1441 4345 1555 4404 sarculo

971 4443 1067 4519 Agros
1086 4440 1223 4501 Attalicis
1242 4439 1470 4502 condicionibus

972 4539 1144 4616 Numquam
1164 4539 1339 4614 demoueas,
1360 4551 1392 4598 ut
1412 4540 1495 4600 trabe
1515 4538 1624 4617 Cupria
1639 4539 1662 4620 ¹)

972 4638 1124 4714 Myrtoum
1145 4637 1270 4714 pauidus
1290 4647 1379 4698 nauta
1399 4648 1477 4698 secet
1497 4655 1586 4698 mare.

973 4737 1148 4795 Luctantem
1169 4733 1270 4795 Icariis
1290 4732 1427 4796 fluctibus
1447 4732 1579 4794 Africum

972 4832 1120 4892 Mercator
1141 4843 1274 4894 metuens
1293 4831 1388 4894 otium
1408 4843 1438 4893 et
1458 4831 1562 4911 oppidi

974 4929 1089 4990 Laudat
1110 4949 1176 4990 rura
1195 4929 1256 5004 sui;
1277 4950 1348 4991 mox
1367 4930 1461 4991 reficit
1481 4941 1556 4992 rates

974 5026 1116 5102 Quassas‚
1138 5026 1274 5088 indocilis
1294 5027 1465 5106 pauperiem
1485 5027 1556 5106 pati.

637 5233 659 5314 ¹)
680 5229 797 5308 reposui
823 5231 942 5309 Capria
962 5231 1039 5292 duce
1059 5232 1175 5308 optimo
1195 5232 1397 5310 Porphyrione
1418 5232 1590 5308 scholiasta,
1612 5233 1696 5294 cuius
1716 5232 1746 5292 in
1766 5232 1871 5294 codice
1892 5235 2068 5295 Monacensi

573 5331 647 5390 haec
666 5339 783 5390 extant:
810 5329 927 5408 Cyprea
947 5331 1050 5404 trabe,
1064 5340 1146 5407 pro:
1169 5342 1257 5409 cypro
1274 5332 1469 5401 abrandarum
1487 5334 1599 5409 cypriis
1608 5333 1689 5392 enim
1701 5333 1800 5392 churs
1810 5351 1905 5392 naues
1914 5335 2067 5408 figrrntm.

573 5446 650 5505 quae
676 5427 767 5488 uerba
793 5445 879 5487 sensu
900 5426 983 5487 omni
1003 5426 1141 5487 destimta
1161 5429 1268 5489 uellem
1289 5428 1498 5506 Porphyrionis
1518 5426 1614 5490 editor
1635 5427 1809 5490 nouissimus
1829 5428 1909 5490 Gnil.
1931 5431 2069 5506 Meyems

574 5545 611 5586 ex
637 5523 718 5586 libris
744 5523 953 5586 recentioribus
979 5523 1148 5586 restituisset
1175 5524 1206 5584 in
1233 5526 1310 5586 hanc
1337 5527 1461 5586 lormam
1489 5535 1589 5602 aperta
1610 5524 1732 5587 ueritate
1751 5525 1925 5604 genuinam:
1953 5528 2068 5606 Cypria

574 5625 677 5698 trabe,
700 5635 778 5702 pro:
810 5634 903 5701 cupro
928 5623 1124 5692 amarante·
1155 5625 1274 5701 cupreis
1300 5625 1380 5683 enim
1410 5626 1508 5683 clauis
1534 5643 1629 5684 naues
1655 5627 1814 5700 ligerim
1840 5623 1951 5686 scilieet
1972 5624 2068 5703 ipsum

499 5792 501 5795 Ι
575 5723 684 5783 lemma
710 5740 772 5782 non
798 5741 817 5781 a
843 5719 999 5782 scholiasta
1024 5721 1076 5781 sed
1102 5740 1121 5780 a
1147 5719 1271 5781 librariis
1297 5719 1516 5798 insequentibus
1545 5719 1693 5782 adiectum
1718 5731 1770 5783 est.
1801 5723 1840 5782 ad
1860 5723 1949 5783 talem
1968 5733 2068 5784 autem

575 5819 846 5897 interpretationem
872 5839 968 5880 errore
989 5817 1114 5879 ridiculo
1141 5819 1302 5880 delormem
1322 5838 1484 5896 numquam
1505 5820 1602 5880 hercle
1630 5819 1795 5897 Porphyrio
1814 5821 1959 5881 adductus
1978 5832 2068 5893 esset,

576 5916 631 5977 nisi
659 5915 690 5976 in
717 5935 770 5978 suo
798 5915 958 5994 exemplari
984 5917 1102 5995 Capria
1123 5916 1265 5994 scriptum
1286 5916 1437 5994 reperisset
1456 5917 1619 5977 secundum
1640 5916 1879 5996 orthographiam
1899 5917 2068 5996 antiquam,

575 6033 665 6090 quam
693 6013 818 6092 Augusti
846 6024 980 6092 tempore
1005 6013 1095 6075 etiam
1124 6025 1195 6074 tunc
1222 6013 1382 6091 optinuisse
1410 6025 1514 6075 notum
1541 6025 1598 6075 ectr
1626 6017 1664 6076 cl.
1691 6034 1737 6076 ex.
1757 6035 1799 6094 gr.
1821 6015 1917 6076 Asinii
1937 6015 2070 6078 Polionis
