5240 7396
1295 1008 1338 1076 11

569 1204 681 1277 homo
706 1203 848 1277 scilicet
873 1204 1027 1278 callidus
1054 1222 1093 1279 et
1120 1221 1295 1279 uersutus
1336 1205 1394 1304 (cl.
1423 1206 1584 1280 Ouidius
1610 1233 1682 1281 arn.
1711 1208 1742 1279 ll
1773 1230 1835 1300 19,
1862 1232 1885 1299 9
1913 1207 2063 1280 uideret

568 1327 632 1401 lter
656 1329 697 1401 in
722 1355 779 1400 me
804 1328 941 1400 uilium
970 1340 1125 1402 uersuta
1156 1330 1345 1416 Corinna,
1372 1357 1517 1427 quaque
1541 1332 1626 1427 capi
1638 1342 1786 1428 possem
1799 1331 1932 1404 callida
1949 1341 2064 1404 norol

566 1453 683 1551 opem)
731 1453 837 1527 audit
882 1453 1032 1549 duplex.
1084 1453 1137 1526 sic
1176 1453 1347 1540 Ulixem,
1389 1480 1503 1552 quem
1543 1455 1673 1528 Liuius
1711 1455 1952 1529 Andronicus
1992 1480 2061 1552 pro

566 1575 736 1667 πολυτρόπῳ
772 1577 975 1650 Homerico
1009 1577 1149 1651 fecerat
1174 1589 1390 1663 uersurum,
1418 1578 1600 1652 Horatius
1627 1581 1686 1652 od.
1716 1580 1729 1651 Ι
1756 1585 1798 1666 6,
1828 1600 1846 1672 7
1874 1579 1970 1652 dixit
1994 1579 2060 1652 du-

559 1701 713 1796 plicem,
740 1700 843 1798 quod
866 1717 967 1774 recte
980 1701 1155 1774 callidum
1169 1701 1441 1797 interpretatur
1455 1703 1663 1800 Porphyrio
1678 1704 1816 1777 lrustra
1828 1702 2060 1801 obloquente

568 1822 751 1897 Bentleio
791 1840 831 1898 et
868 1825 954 1897 hinc
981 1825 1063 1922 ipsa
1089 1826 1221 1898 Venus
1249 1825 1354 1899 audit
1380 1826 1521 1921 duplex
1545 1827 1648 1923 apud
1674 1826 1865 1900 Catullum
1886 1829 1972 1914 681,
2004 1853 2057 1902 11.

567 1974 651 2022 raro
677 1965 805 2022 autem
831 1947 1057 2047 insuetoque
1082 1951 1131 2023 ab
1158 1949 1227 2022 hac
1253 1949 1405 2047 quidem
1427 1950 1702 2047 significatione
1724 1951 1907 2026 uocabulo
1918 1953 2060 2049 duplex

567 2070 737 2146 librarios
764 2072 889 2145 notius
912 2073 1060 2171 sibique
1075 2071 1292 2147 familiarius
1304 2075 1465 2169 simplex
1477 2075 1736 2162 substituisse,
1751 2073 1870 2149 altero
1883 2077 2058 2173 exemplo

566 2196 675 2269 docui
703 2195 1030 2270 Miscellaneorum
1057 2197 1282 2271 Criticorum
1309 2225 1344 2295 p.
1378 2200 1430 2270 18.

640 2320 849 2395 Periculum
875 2321 1027 2408 faciam,
1065 2349 1155 2394 num
1183 2347 1272 2395 uere
1299 2323 1524 2396 emendasse
1550 2324 1690 2419 possim
1717 2323 1862 2398 censeri
1888 2325 2056 2398 eiusdem

565 2446 739 2519 carminis
765 2474 825 2518 uu.
856 2470 1019 2539 21-24:

1004 2599 1051 2658 Te
1070 2597 1129 2658 suis
1149 2609 1256 2659 matres
1276 2609 1411 2664 metuunt
1431 2596 1577 2673 iuuencis,

1006 2696 1053 2756 Te
1071 2715 1154 2756 senes
1174 2695 1255 2773 parci
1276 2695 1456 2773 miseraeque
1476 2715 1570 2773 nuper

1001 2793 1137 2872 Virgines
1157 2805 1284 2871 nuptae,
1306 2804 1357 2853 tua
1377 2813 1416 2854 ne
1436 2793 1561 2853 retardet

1164 2895 1246 2952 Aura
1266 2891 1396 2952 maritos.

564 3052 700 3150 quibus
736 3051 774 3124 in
811 3051 935 3124 uerbis
971 3076 1031 3124 res
1057 3052 1224 3124 nondum
1247 3052 1295 3125 ad
1321 3049 1505 3147 liquidum
1532 3052 1715 3148 perducta
1739 3069 1807 3126 est.
1836 3079 1922 3127 nam
1950 3079 2056 3128 uoca-

564 3175 653 3250 bulo
678 3203 799 3262 oure,
832 3177 934 3274 quod
961 3202 1029 3272 pro
1055 3178 1269 3250 additorum
1297 3193 1432 3251 natura
1458 3177 1603 3250 uarium
1629 3194 1745 3274 atque
1771 3177 1952 3252 mutabile
1977 3195 2055 3266 est,

563 3301 705 3375 inducti
732 3299 902 3399 plerique
928 3299 1179 3398 inprobabilia
1203 3317 1380 3374 statuere.
1408 3317 1448 3374 et
1473 3299 1657 3375 Orellium
1679 3301 1831 3399 quidem
1849 3304 2055 3376 secundum

563 3425 774 3522 Vergilium
813 3425 955 3522 Georg.
995 3425 1043 3497 ΙΙΙ
1084 3446 1154 3519 250
1191 3427 1346 3498 odorem
1384 3424 1486 3498 illum
1520 3450 1544 3498 a
1569 3425 1729 3500 iuuenca
1753 3426 1953 3513 emissum,
1980 3455 2056 3526 quo

562 3565 716 3647 captato
751 3566 880 3622 taurus
914 3550 951 3622 in
989 3575 1167 3622 uenerem
1204 3566 1307 3636 ruat,
1344 3575 1461 3646 praue
1488 3548 1629 3647 (neque
1653 3550 1754 3623 enim
1780 3551 1851 3624 hoc
1877 3577 2055 3650 umquam

562 3675 611 3749 ad
646 3674 817 3747 homines
850 3673 1073 3748 translatum
1109 3675 1182 3773 est)
1224 3673 1511 3771 intellegentem
1551 3675 1757 3770 prudentes
1792 3677 2056 3775 pudentesque

563 3825 694 3872 omnes
720 3798 976 3872 exsibilarunt.
1005 3824 1074 3871 nec
1100 3798 1238 3872 rectius
1265 3797 1548 3896 Peerlkampius
1573 3799 1633 3871 od.
1662 3799 1714 3870 lV
1734 3823 1796 3892 13,
1824 3824 1865 3892 19
1887 3801 2059 3896 spe'robol

565 3926 625 4021 l:
649 3923 872 4022 inspirabat)
899 3949 1064 3997 amorem
1091 3921 1301 4020 similiaque
1327 3923 1570 4019 comparauit.
1597 3922 1659 3997 alii
1686 3948 1798 4021 porro
1814 3950 1953 3997 auram
1972 3951 2056 3999 esse

561 4049 790 4146 splendorem
818 4048 888 4122 rati
914 4065 1022 4133 sunt,
1050 4047 1156 4121 obliti
1183 4046 1233 4120 illi
1260 4048 1414 4145 quidem
1441 4047 1511 4120 hoc
1537 4063 1685 4121 tantum
1712 4047 1750 4120 in
1777 4048 1937 4121 metallis
1961 4050 2055 4123 radi·
2095 4051 2100 4062 ’

562 4174 714 4248 antibus
743 4173 801 4268 (cl.
830 4173 984 4270 interpr.
1011 4173 1060 4245 ad
1087 4173 1203 4270 Verg.
1228 4172 1326 4244 Aen.
1343 4172 1396 4243 Vl
1424 4173 1509 4270 204)
1538 4199 1646 4245 usum
1673 4173 1834 4258 habere;
1861 4172 1922 4246 alii
1949 4174 2056 4248 colle·

562 4314 701 4395 gerunt
728 4297 1014 4393 Propertianum
1043 4297 1090 4392 (ll
1118 4317 1183 4389 27,
1216 4296 1273 4394 15)
1300 4297 1464 4368 simodo
1488 4297 2056 4371 clamenle'sreuocauere'lauro

557 4423 721 4518 puellae,
749 4421 812 4493 ubi
839 4438 965 4495 tamen
990 4447 1092 4494 auro
1118 4437 1178 4494 est
1191 4421 1266 4494 oris
1285 4420 1440 4517 spiritus
1453 4409 1654 4517 sonusque.
1684 4421 1820 4518 quibus
1833 4424 2056 4495 commentis

562 4545 737 4618 omnibus
770 4545 899 4619 obstat
933 4546 1047 4618 etiam
1075 4544 1363 4643 refragaturque
1391 4544 1606 4641 neglectum
1633 4543 1722 4617 illud
1747 4546 1929 4618 retardal.
1969 4573 2055 4621 nam

563 4670 655 4744 haec
681 4670 796 4742 dictio
820 4696 921 4742 aura
946 4670 1327 4743 relerdol‘Romanis
1358 4669 1511 4767 quidem
1537 4669 1690 4743 auribus
1717 4668 1807 4741 nihil
1833 4671 1960 4743 sonuit
1986 4672 2056 4745 nisi

562 4805 696 4867 uentus
722 4795 857 4867 relinet
879 4804 916 4865 el
941 4804 1125 4866 morolur.
1159 4809 1199 4867 et
1225 4809 1268 4865 ut
1292 4792 1374 4866 aliis
1400 4793 1523 4888 poetis
1550 4793 1603 4867 ita
1626 4818 1742 4888 saepe
1768 4792 1929 4868 Horatio
1954 4822 2056 4869 aura

563 4917 665 4992 ualet
690 4929 824 4991 uentus
849 4918 1128 5014 adhibeturque
1153 4918 1268 4991 etiam
1293 4942 1407 4989 sensu
1435 4916 1638 5003 translatO,
1666 4933 1709 4990 ut
1734 4918 1793 4990 od.
1810 4919 1824 4990 l
1840 4939 1880 5012 5,
1908 4942 1951 4992 10
1972 4945 2054 5018 sqq.

561 5044 629 5140 qul
659 5053 804 5139 semper
839 5043 1017 5128 uacuam,
1044 5053 1188 5139 semper
1213 5042 1405 5115 amabilem
1430 5051 1560 5138 sperol
1584 5043 1726 5115 nescius
1751 5069 1870 5115 auree
1887 5042 2055 5143 fallacis.

562 5183 601 5240 et
634 5167 687 5239 sic
723 5167 930 5264 Porphyrio
968 5193 1121 5265 quoque
1155 5167 1300 5262 accepit
1326 5166 1493 5238 scribens
1518 5167 1661 5240 amoris
1685 5193 1805 5253 aura,
1835 5193 1925 5264 quoe
1949 5168 2004 5240 od
2024 5178 2057 5241 le

560 5318 619 5365 eos
643 5291 756 5392 ferl,·
794 5293 860 5365 sed
872 5293 874 5298 ’
891 5292 1014 5389 ulique
1050 5291 1115 5363 lter
1141 5301 1217 5387 per
1240 5291 1461 5390 allegormm
1486 5291 1634 5363 dicitur.
1674 5291 1741 5364 sed
1780 5291 1833 5365 sic
1860 5290 2055 5364 ridiculum

562 5435 621 5491 est
654 5429 720 5490 luo
752 5443 853 5491 auro
886 5442 1030 5515 neque,
1070 5415 1140 5489 nisi
1167 5415 1291 5500 lallor,
1330 5441 1348 5488 a
1379 5415 1637 5513 Porphyrione
1663 5415 1811 5489 lectum.
1853 5416 1954 5488 unde
1980 5441 2056 5489 non

563 5542 741 5616 insistens
776 5542 947 5638 uestigiis
983 5539 1150 5626 Bentlei,
1191 5540 1255 5638 qui
1290 5539 1509 5612 dubitanter
1542 5539 1710 5613 retarder
1732 5565 1826 5613 cura
1853 5539 1989 5626 uoluit,
2017 5557 2057 5613 et

562 5666 762 5740 Schraderi
790 5666 1028 5762 Usenerique
1053 5664 1248 5738 relardenl
1271 5690 1340 5737 ora
1354 5664 1648 5761 proponentium
1663 5665 1790 5760 potius
1804 5664 2053 5737 restituerim:

1042 5819 1125 5876 mala
1146 5835 1184 5876 ne
1204 5815 1331 5876 retardet
1350 5834 1421 5874 aura
1441 5813 1570 5875 maritos.

565 5966 745 6023 uerentur
780 5948 922 6023 scilicet
959 5974 1082 6023 nouae
1120 5966 1263 6045 nuptae
1297 5974 1344 6022 ne
1378 5949 1530 6021 sinister
1563 5947 1633 6020 sibi
1671 5965 1831 6034 uentus,
1860 5965 2053 6046 tamquam
