5240 7396
1288 1000 1331 1116 ll

564 1197 873 1296 Prometheique,
910 1199 1029 1273 Urani
1062 1198 1210 1296 stirpis,
1247 1199 1440 1272 mentione
1474 1198 1572 1273 lacta
1606 1199 1679 1273 iam
1713 1198 1791 1274 sere
1817 1201 2053 1298 pergendum

563 1337 664 1395 erat:
691 1322 739 1395 de
765 1322 900 1422 quouis
925 1321 999 1396 alio
1025 1323 1098 1397 deo
1124 1348 1193 1420 per
1218 1347 1278 1395 me
1304 1322 1489 1420 originem
1515 1340 1677 1421 repetas.
1705 1325 1806 1399 unde
1832 1323 1937 1423 lego:

906 1502 953 1562 De
973 1519 1162 1579 quocumque
1184 1501 1265 1561 uoles
1285 1518 1430 1576 proauum
1450 1499 1504 1562 tibi
1524 1501 1633 1562 sumito
1653 1502 1734 1563 diuo.

636 1908 801 1982 Carmen
826 1907 1003 1981 festiuum
1030 1909 1078 1980 Ill
1107 1915 1151 1982 26
1179 1926 1281 1982 recte
1306 1911 1344 1983 in
1372 1909 1589 1983 uniuersum
1611 1909 2056 2006 interpretanturtsimu-

563 2032 642 2107 lare
675 2047 828 2130 poetam
862 2048 1007 2106 certum
1042 2033 1233 2106 amoribus
1268 2034 1501 2107 ualedicendi
1536 2033 1731 2108 consilium
1767 2058 1843 2107 non
1868 2033 1979 2107 aliam
2005 2035 2055 2107 ob

562 2182 714 2231 causam
748 2182 862 2254 quam
888 2174 930 2230 ut
956 2155 1102 2230 Chloen
1130 2174 1406 2254 repugnantem
1434 2159 1561 2233 uincat
1586 2159 1801 2256 flectatque.
1841 2159 1943 2256 quod
1969 2183 2056 2232 con·

562 2282 685 2382 silium
711 2306 788 2379 quo
813 2282 952 2355 certius
977 2307 1061 2355 esse
1086 2280 1253 2356 declarat
1279 2282 1333 2356 ita
1358 2299 1400 2356 ut
1426 2284 1499 2356 iam
1526 2299 1630 2357 totus
1655 2283 1705 2356 sit
1718 2283 1755 2355 in
1770 2308 1816 2357 eo
1829 2283 2055 2380 exequendo

565 2404 623 2503 (cs.
652 2433 686 2478 u.
713 2412 736 2478 6
762 2405 822 2478 hic
845 2405 923 2490 hic,
950 2405 1055 2478 cuius
1081 2406 1156 2478 uim
1184 2407 1347 2480 iocosam
1373 2424 1502 2481 mente
1528 2433 1603 2481 non
1629 2407 1832 2481 adsecutus
1857 2423 1916 2480 est
1934 2405 2055 2480 Peerl-

563 2529 769 2628 kampius)‚
797 2555 843 2603 eo
869 2529 1009 2603 maiore
1035 2556 1119 2602 cum
1144 2530 1263 2603 animi
1286 2529 1475 2604 hilaritate
1500 2531 1538 2604 in
1552 2530 1692 2605 ultimis
1710 2531 1881 2605 uersibus
1894 2530 2055 2629 legimus

562 2652 722 2727 humiles
747 2654 916 2727 eiusdem
943 2680 1074 2751 preces
1101 2655 1242 2727 Veneri
1269 2654 1436 2729 oblatas:

1002 2832 1071 2892 Vixi
1092 2833 1197 2910 puellis
1216 2853 1310 2910 nuper
1329 2833 1453 2895 idoneus

1002 2933 1040 2991 Et
1061 2930 1185 2993 militaui
1205 2951 1267 2992 non
1287 2931 1350 2993 sine
1369 2932 1477 3010 gloria;

1043 3030 1132 3090 Nunc
1151 3049 1233 3090 arma
1253 3030 1483 3108 defunctumque
1503 3030 1583 3091 bello

1083 3127 1225 3189 Barbiton
1245 3128 1294 3187 hic
1314 3127 1409 3206 paries
1429 3127 1564 3202 habebit,

1001 3227 1133 3286 Laeuum
1155 3225 1285 3287 marinae
1305 3226 1356 3304 qui
1377 3226 1500 3288 Veneris
1519 3228 1595 3287 latus

1002 3321 1152 3384 Custodit:
1173 3323 1239 3396 hic,
1259 3322 1308 3383 hic
1329 3324 1431 3401 ponite
1450 3323 1550 3384 lucida

1041 3419 1165 3481 Funalia
1184 3430 1215 3482 et
1234 3433 1334 3482 nectes
1353 3441 1525 3499 securesque

1081 3518 1234 3596 Oppositis
1253 3519 1363 3582 loribus
1382 3519 1520 3580 minaces.

1001 3614 1030 3674 O
1051 3634 1127 3693 quae
1146 3618 1264 3678 beatam
1284 3616 1355 3678 dina
1374 3628 1456 3679 tenes
1475 3617 1607 3696 Cyprum
1628 3629 1657 3678 et

1001 3713 1157 3791 Memphin
1177 3726 1327 3777 carentem
1347 3715 1481 3777 Sithonia
1500 3715 1586 3790 niue,

1041 3811 1173 3890 Regina,
1193 3813 1312 3875 submi
1332 3814 1447 3892 sagano

1082 3912 1186 3988 Tange
1206 3910 1320 3972 Chloen
1340 3913 1430 3973 semel
1449 3921 1642 3990 arrogantem.

561 4069 629 4142 sed
668 4069 705 4140 in
743 4084 916 4166 apertam
955 4068 1071 4142 totius
1110 4071 1289 4167 poematii
1327 4070 1557 4144 sententiam
1596 4094 1672 4142 non
1708 4070 1870 4167 quadrat
1907 4069 2055 4143 initium

562 4191 690 4266 multis
725 4191 955 4266 celebratum
989 4193 1078 4266 uixi
1099 4195 1239 4290 puellis
1272 4205 1394 4291 nuper
1427 4195 1589 4268 idoneus.
1628 4219 1716 4267 nam
1750 4218 1848 4291 quae
1883 4193 2056 4268 uocabuli

560 4317 713 4390 adoneus
738 4333 797 4390 est
822 4316 1066 4414 significatio,
1093 4317 1199 4392 facile
1224 4318 1359 4416 aliquis
1384 4319 1597 4417 suspicetur
1609 4318 1810 4392 Horatium
1829 4317 1911 4391 siue
1923 4343 2055 4392 senem

561 4440 798 4538 decrepitum
823 4441 963 4514 factum
991 4441 1048 4540 (ut
1075 4467 1115 4514 re
1142 4468 1232 4516 uera
1257 4459 1486 4540 acceperunt
1513 4442 1696 4541 nonnulli)
1725 4442 1806 4515 siue
1832 4443 2056 4542 nescioquo

561 4590 651 4638 suco
677 4590 876 4638 uenenoue
902 4565 1079 4639 uirilitate
1105 4567 1295 4664 priuatum
1322 4567 1395 4640 iam
1421 4567 1596 4641 abdicare
1623 4567 1824 4640 Venerem.
1860 4567 2055 4640 sedenim

562 4689 633 4762 hoc
671 4704 713 4760 ut
750 4714 878 4762 secum
914 4690 1079 4786 agitaret
1113 4688 1193 4777 ille,
1240 4691 1278 4763 in
1312 4715 1425 4764 causa
1458 4707 1540 4764 erat
1575 4717 1671 4764 unus
1705 4688 1882 4789 solusque
1917 4691 2056 4766 Chloes

561 4814 749 4909 superbae
774 4812 892 4886 fastus
918 4814 1103 4911 pertinax.
1142 4839 1256 4911 quam
1282 4814 1370 4888 licet
1394 4840 1418 4888 a
1443 4831 1557 4911 poeta
1583 4814 1657 4888 iam
1683 4814 1792 4888 annis
1818 4816 2055 4911 prouectiore

561 4938 776 5012 adamatam
810 4963 894 5010 esse
928 4962 1132 5034 ponamuS,
1168 4938 1253 5036 quis
1288 4956 1415 5012 tamen
1451 4938 1563 5012 homo
1594 4938 1732 5012 mentis
1757 4965 1911 5037 compos
1937 4939 1975 5012 in
2001 4940 2056 5013 eis

563 5063 753 5148 uersibus,
780 5062 917 5160 quibus
944 5060 1088 5135 mollire
1114 5063 1289 5136 dominae
1315 5063 1491 5136 duritiem
1517 5063 1665 5150 studet,
1692 5063 1829 5136 aetatis
1842 5088 1933 5137 snae
1951 5064 2057 5138 inicit

562 5187 794 5260 mentionem
820 5186 945 5259 uerbis
971 5202 1049 5259 tam
1076 5212 1210 5284 parum
1224 5187 1324 5284 aptis
1338 5188 1453 5285 inque
1467 5187 1582 5259 risum
1596 5185 1769 5261 facillime
1783 5186 2055 5262 deflectendis?

561 5311 652 5409 quid
678 5310 791 5383 suerit
817 5310 889 5397 rei,
916 5326 1039 5383 totum
1065 5336 1216 5384 carmen
1231 5309 1339 5384 facile
1356 5311 1498 5409 aperit:
1521 5328 1653 5408 gratus
1667 5311 2054 5400 eratanteaseminis;

562 5460 679 5521 nunc,
720 5434 782 5507 ubi
819 5459 842 5508 a
868 5433 987 5509 Chloe
1014 5435 1202 5532 repulsam
1229 5434 1334 5522 tulit,
1360 5435 1486 5509 odisse
1511 5461 1552 5508 se
1577 5452 1694 5533 atque
1719 5436 1885 5508 auersari
1912 5435 2056 5533 puellas

561 5577 694 5632 omnes
729 5558 856 5656 fingit,
895 5585 994 5632 nunc
1029 5575 1223 5657 tamquam
1260 5560 1291 5632 is
1324 5559 1389 5657 qui
1424 5559 1461 5632 in
1493 5559 1612 5632 otium
1640 5559 1780 5633 recedit
1806 5559 2057 5634 instrumenta

561 5684 654 5756 artis
689 5683 833 5756 numini
868 5700 1026 5757 uoturus
1060 5700 1128 5757 est.
1167 5685 1236 5758 sed
1269 5685 1416 5782 gratiae
1452 5684 1556 5757 notio
1593 5682 1705 5782 plane
1739 5685 1849 5758 abest
1882 5710 1906 5758 a
1938 5685 2056 5759 uerbo

560 5807 730 5895 domum
767 5833 996 5907 quamquam
1030 5809 1186 5882 subesse
1220 5835 1303 5883 eam
1340 5809 1489 5882 nauiter
1521 5825 1695 5883 statuunt
1732 5809 1797 5907 qui
1823 5809 1973 5907 quiduis
1997 5837 2057 5884 su-

563 5933 700 6006 mendo
725 5957 839 6029 quam
865 5933 1160 6007 demonstrando
1185 5959 1301 6031 agere
1326 5931 1481 6007 malunt.
1509 5959 1652 6032 neque,
1680 5949 1722 6006 ut
1743 5934 1813 6007 hoc
1837 5933 1994 6022 addam,
2017 5935 2055 6006 in

1907 6064 1923 6109 s
