<?xml version="1.0" encoding="UTF-8"?>
<!DOCTYPE html PUBLIC "-//W3C//DTD XHTML 1.0 Transitional//EN"
    "http://www.w3.org/TR/xhtml1/DTD/xhtml1-transitional.dtd">
<html xmlns="http://www.w3.org/1999/xhtml" xml:lang="en" lang="en">
 <head>
  <title>
</title>
<meta http-equiv="Content-Type" content="text/html;charset=utf-8" />
  <meta name='ocr-system' content='tesseract 3.04.00' />
  <meta name='ocr-capabilities' content='ocr_page ocr_carea ocr_par ocr_line ocrx_word'/>
</head>
<body>
  <div class='ocr_page' id='page_1' title='image "./lectioneshorati00bhgoog_0035.png"; bbox 0 0 5240 7396; ppageno 0'>
   <div class='ocr_carea' id='block_1_1' title="bbox 1284 963 1331 1034">
    <p class='ocr_par' dir='ltr' id='par_1_1' title="bbox 1284 963 1331 1034">
     <span class='ocr_line' id='line_1_1' title="bbox 1284 963 1331 1034; baseline 0 0"><span class='ocrx_word' id='word_1_1' title='bbox 1284 963 1331 1034; x_wconf 79' lang='lat'><strong>28</strong></span> 
     </span>
    </p>
   </div>
   <div class='ocr_carea' id='block_1_2' title="bbox 553 1161 2060 5990">
    <p class='ocr_par' dir='ltr' id='par_1_2' title="bbox 553 1161 2060 5990">
     <span class='ocr_line' id='line_1_2' title="bbox 559 1161 2058 1259; baseline -0.001 -24"><span class='ocrx_word' id='word_1_2' title='bbox 559 1163 705 1236; x_wconf 81' lang='lat' dir='ltr'>confert</span> <span class='ocrx_word' id='word_1_3' title='bbox 743 1162 904 1247; x_wconf 93' lang='lat' dir='ltr'><strong>Lucilio,</strong></span> <span class='ocrx_word' id='word_1_4' title='bbox 945 1163 997 1236; x_wconf 92' lang='lat' dir='ltr'><strong>ita</strong></span> <span class='ocrx_word' id='word_1_5' title='bbox 1031 1179 1070 1236; x_wconf 93' lang='lat' dir='ltr'><strong>et</strong></span> <span class='ocrx_word' id='word_1_6' title='bbox 1105 1163 1204 1236; x_wconf 91' lang='lat' dir='ltr'><strong>hunc</strong></span> <span class='ocrx_word' id='word_1_7' title='bbox 1239 1188 1314 1235; x_wconf 91' lang='lat' dir='ltr'><strong>non</strong></span> <span class='ocrx_word' id='word_1_8' title='bbox 1350 1189 1434 1235; x_wconf 91' lang='lat' dir='ltr'><strong>cum</strong></span> <span class='ocrx_word' id='word_1_9' title='bbox 1470 1162 1596 1235; x_wconf 90' lang='lat' dir='ltr'><strong>nescio</strong></span> <span class='ocrx_word' id='word_1_10' title='bbox 1631 1161 1767 1259; x_wconf 92' lang='lat' dir='ltr'><strong>quibus</strong></span> <span class='ocrx_word' id='word_1_11' title='bbox 1806 1161 1959 1258; x_wconf 86' lang='lat' dir='ltr'>tragicis</span> <span class='ocrx_word' id='word_1_12' title='bbox 1991 1178 2058 1235; x_wconf 92' lang='lat' dir='ltr'><strong>aut</strong></span> 
     </span>
     <span class='ocr_line' id='line_1_3' title="bbox 560 1284 2060 1384; baseline -0.001 -24"><span class='ocrx_word' id='word_1_13' title='bbox 560 1286 676 1384; x_wconf 90' lang='lat' dir='ltr'>epicis</span> <span class='ocrx_word' id='word_1_14' title='bbox 710 1312 930 1382; x_wconf 92' lang='lat' dir='ltr'><strong>comparare</strong></span> <span class='ocrx_word' id='word_1_15' title='bbox 964 1286 1106 1359; x_wconf 91' lang='lat' dir='ltr'><strong>debuit.</strong></span> <span class='ocrx_word' id='word_1_16' title='bbox 1145 1303 1205 1371; x_wconf 92' lang='lat' dir='ltr'><strong>at,</strong></span> <span class='ocrx_word' id='word_1_17' title='bbox 1241 1287 1383 1384; x_wconf 89' lang='lat' dir='ltr'><strong>inquis,</strong></span> <span class='ocrx_word' id='word_1_18' title='bbox 1421 1312 1496 1360; x_wconf 91' lang='lat' dir='ltr'><strong>non</strong></span> <span class='ocrx_word' id='word_1_19' title='bbox 1530 1287 1689 1383; x_wconf 91' lang='lat' dir='ltr'><strong>agnouit</strong></span> <span class='ocrx_word' id='word_1_20' title='bbox 1723 1284 1879 1359; x_wconf 87' lang='lat' dir='ltr'>Flaccus</span> <span class='ocrx_word' id='word_1_21' title='bbox 1906 1303 2060 1382; x_wconf 91' lang='lat' dir='ltr'><strong>praeter</strong></span> 
     </span>
     <span class='ocr_line' id='line_1_4' title="bbox 561 1409 2060 1497; baseline -0.001 -13"><span class='ocrx_word' id='word_1_22' title='bbox 561 1412 765 1484; x_wconf 83' lang='lat' dir='ltr'>Auruncae</span> <span class='ocrx_word' id='word_1_23' title='bbox 790 1409 982 1484; x_wconf 91' lang='lat' dir='ltr'><strong>alumnum</strong></span> <span class='ocrx_word' id='word_1_24' title='bbox 1009 1411 1179 1484; x_wconf 87' lang='lat' dir='ltr'><strong>satiricos</strong></span> <span class='ocrx_word' id='word_1_25' title='bbox 1206 1412 1420 1497; x_wconf 90' lang='lat' dir='ltr'><strong>Romanos;</strong></span> <span class='ocrx_word' id='word_1_26' title='bbox 1448 1411 1507 1483; x_wconf 96' lang='lat' dir='ltr'><strong>hic</strong></span> <span class='ocrx_word' id='word_1_27' title='bbox 1532 1411 1638 1484; x_wconf 93' lang='lat' dir='ltr'><strong>audit</strong></span> <span class='ocrx_word' id='word_1_28' title='bbox 1653 1409 1702 1482; x_wconf 96' lang='lat' dir='ltr'><strong>illi</strong></span> <span class='ocrx_word' id='word_1_29' title='bbox 1716 1426 1867 1483; x_wconf 88' lang='lat' dir='ltr'><strong>saturae</strong></span> <span class='ocrx_word' id='word_1_30' title='bbox 1881 1411 2060 1483; x_wconf 90' lang='lat' dir='ltr'><strong>inuentor</strong></span> 
     </span>
     <span class='ocr_line' id='line_1_5' title="bbox 562 1535 2058 1633; baseline 0 -25"><span class='ocrx_word' id='word_1_31' title='bbox 562 1537 612 1633; x_wconf 79' lang='lat' dir='ltr'><strong>(u.</strong></span> <span class='ocrx_word' id='word_1_32' title='bbox 639 1537 815 1633; x_wconf 88' lang='lat'><strong>48:56).</strong></span> <span class='ocrx_word' id='word_1_33' title='bbox 843 1535 930 1607; x_wconf 92' lang='lat' dir='ltr'><strong>uide</strong></span> <span class='ocrx_word' id='word_1_34' title='bbox 957 1560 1005 1608; x_wconf 92' lang='lat' dir='ltr'><strong>ne</strong></span> <span class='ocrx_word' id='word_1_35' title='bbox 1031 1535 1239 1609; x_wconf 82' lang='lat' dir='ltr'><strong>confundas</strong></span> <span class='ocrx_word' id='word_1_36' title='bbox 1264 1536 1424 1609; x_wconf 90' lang='lat' dir='ltr'><strong>diuersa.</strong></span> <span class='ocrx_word' id='word_1_37' title='bbox 1454 1536 1599 1608; x_wconf 92' lang='lat' dir='ltr'><strong>inuenit</strong></span> <span class='ocrx_word' id='word_1_38' title='bbox 1626 1535 1789 1609; x_wconf 91' lang='lat' dir='ltr'><strong>Lucilius</strong></span> <span class='ocrx_word' id='word_1_39' title='bbox 1807 1561 1891 1609; x_wconf 92' lang='lat' dir='ltr'><strong>eam</strong></span> <span class='ocrx_word' id='word_1_40' title='bbox 1906 1552 2058 1609; x_wconf 89' lang='lat' dir='ltr'><strong>saturae</strong></span> 
     </span>
     <span class='ocr_line' id='line_1_6' title="bbox 560 1659 2060 1758; baseline -0.001 -25"><span class='ocrx_word' id='word_1_41' title='bbox 560 1661 717 1735; x_wconf 88' lang='lat' dir='ltr'><strong>formam</strong></span> <span class='ocrx_word' id='word_1_42' title='bbox 751 1685 865 1757; x_wconf 92' lang='lat' dir='ltr'><strong>quam</strong></span> <span class='ocrx_word' id='word_1_43' title='bbox 902 1659 1085 1734; x_wconf 88' lang='lat' dir='ltr'><strong>Horatius</strong></span> <span class='ocrx_word' id='word_1_44' title='bbox 1121 1661 1230 1733; x_wconf 90' lang='lat' dir='ltr'><strong>unice</strong></span> <span class='ocrx_word' id='word_1_45' title='bbox 1264 1662 1469 1758; x_wconf 87' lang='lat' dir='ltr'><strong>probabat,</strong></span> <span class='ocrx_word' id='word_1_46' title='bbox 1505 1677 1694 1758; x_wconf 89' lang='lat' dir='ltr'><strong>quatenus</strong></span> <span class='ocrx_word' id='word_1_47' title='bbox 1731 1659 1898 1756; x_wconf 87' lang='lat' dir='ltr'><strong>pertinet</strong></span> <span class='ocrx_word' id='word_1_48' title='bbox 1924 1660 1972 1731; x_wconf 90' lang='lat' dir='ltr'><strong>ad</strong></span> <span class='ocrx_word' id='word_1_49' title='bbox 1999 1684 2060 1732; x_wconf 92' lang='lat' dir='ltr'><strong>res</strong></span> 
     </span>
     <span class='ocr_line' id='line_1_7' title="bbox 561 1782 2059 1882; baseline 0 -25"><span class='ocrx_word' id='word_1_50' title='bbox 561 1786 796 1870; x_wconf 74' lang='lat' dir='ltr'><strong>tractandas,</strong></span> <span class='ocrx_word' id='word_1_51' title='bbox 843 1785 911 1856; x_wconf 91' lang='lat' dir='ltr'><strong>sed</strong></span> <span class='ocrx_word' id='word_1_52' title='bbox 957 1785 1060 1882; x_wconf 94' lang='lat' dir='ltr'><strong>quod</strong></span> <span class='ocrx_word' id='word_1_53' title='bbox 1098 1785 1147 1858; x_wconf 94' lang='lat' dir='ltr'><strong>ad</strong></span> <span class='ocrx_word' id='word_1_54' title='bbox 1185 1801 1382 1859; x_wconf 88' lang='lat' dir='ltr'><strong>externam</strong></span> <span class='ocrx_word' id='word_1_55' title='bbox 1421 1784 1602 1858; x_wconf 90' lang='lat' dir='ltr'><strong>orationis</strong></span> <span class='ocrx_word' id='word_1_56' title='bbox 1641 1784 1826 1880; x_wconf 91' lang='lat' dir='ltr'><strong>speciem,</strong></span> <span class='ocrx_word' id='word_1_57' title='bbox 1866 1783 1957 1856; x_wconf 91' lang='lat' dir='ltr'><strong>nihil</strong></span> <span class='ocrx_word' id='word_1_58' title='bbox 1997 1782 2059 1857; x_wconf 92' lang='lat' dir='ltr'><strong>ille</strong></span> 
     </span>
     <span class='ocr_line' id='line_1_8' title="bbox 560 1908 2058 2007; baseline -0.001 -27"><span class='ocrx_word' id='word_1_59' title='bbox 560 1909 716 1982; x_wconf 92' lang='lat' dir='ltr'><strong>nouauit</strong></span> <span class='ocrx_word' id='word_1_60' title='bbox 742 1908 1040 2006; x_wconf 89' lang='lat' dir='ltr'><strong>consimilisque,</strong></span> <span class='ocrx_word' id='word_1_61' title='bbox 1061 1909 1132 1981; x_wconf 91' lang='lat' dir='ltr'><strong>etsi</strong></span> <span class='ocrx_word' id='word_1_62' title='bbox 1159 1908 1342 1994; x_wconf 87' lang='lat' dir='ltr'><strong>limatior,</strong></span> <span class='ocrx_word' id='word_1_63' title='bbox 1370 1909 1439 1982; x_wconf 89' lang='lat' dir='ltr'><strong>fuit</strong></span> <span class='ocrx_word' id='word_1_64' title='bbox 1465 1910 1519 1983; x_wconf 92' lang='lat' dir='ltr'><strong>eis</strong></span> <span class='ocrx_word' id='word_1_65' title='bbox 1546 1909 1610 2007; x_wconf 94' lang='lat' dir='ltr'><strong>qui</strong></span> <span class='ocrx_word' id='word_1_66' title='bbox 1638 1909 1708 1981; x_wconf 94' lang='lat' dir='ltr'><strong>hoc</strong></span> <span class='ocrx_word' id='word_1_67' title='bbox 1734 1908 1910 1981; x_wconf 90' lang='lat' dir='ltr'><strong>carminis</strong></span> <span class='ocrx_word' id='word_1_68' title='bbox 1935 1933 2058 2005; x_wconf 89' lang='lat' dir='ltr'><strong>genus</strong></span> 
     </span>
     <span class='ocr_line' id='line_1_9' title="bbox 561 2032 2057 2131; baseline -0.001 -26"><span class='ocrx_word' id='word_1_69' title='bbox 561 2033 777 2131; x_wconf 88' lang='lat' dir='ltr'><strong>praeibant;</strong></span> <span class='ocrx_word' id='word_1_70' title='bbox 806 2057 930 2130; x_wconf 89' lang='lat' dir='ltr'><strong>neque</strong></span> <span class='ocrx_word' id='word_1_71' title='bbox 957 2033 1027 2105; x_wconf 92' lang='lat' dir='ltr'><strong>hoc</strong></span> <span class='ocrx_word' id='word_1_72' title='bbox 1055 2033 1258 2118; x_wconf 92' lang='lat' dir='ltr'><strong>Horatius,</strong></span> <span class='ocrx_word' id='word_1_73' title='bbox 1285 2033 1551 2106; x_wconf 90' lang='lat' dir='ltr'><strong>subtilissimus</strong></span> <span class='ocrx_word' id='word_1_74' title='bbox 1571 2032 1783 2106; x_wconf 90' lang='lat' dir='ltr'><strong>litterarum</strong></span> <span class='ocrx_word' id='word_1_75' title='bbox 1800 2034 2057 2105; x_wconf 92' lang='lat' dir='ltr'><strong>Romanarum</strong></span> 
     </span>
     <span class='ocr_line' id='line_1_10' title="bbox 559 2156 2059 2254; baseline 0 -24"><span class='ocrx_word' id='word_1_76' title='bbox 559 2157 827 2243; x_wconf 90' lang='lat' dir='ltr'><strong>existumator,</strong></span> <span class='ocrx_word' id='word_1_77' title='bbox 862 2157 1062 2253; x_wconf 87' lang='lat' dir='ltr'><strong>ignorauit.</strong></span> <span class='ocrx_word' id='word_1_78' title='bbox 1098 2173 1139 2231; x_wconf 93' lang='lat' dir='ltr'><strong>at</strong></span> <span class='ocrx_word' id='word_1_79' title='bbox 1175 2157 1364 2230; x_wconf 88' lang='lat' dir='ltr'><strong>undenam</strong></span> <span class='ocrx_word' id='word_1_80' title='bbox 1400 2159 1448 2230; x_wconf 91' lang='lat' dir='ltr'><strong>de</strong></span> <span class='ocrx_word' id='word_1_81' title='bbox 1478 2157 1714 2230; x_wconf 88' lang='lat' dir='ltr'><strong>satiricorum</strong></span> <span class='ocrx_word' id='word_1_82' title='bbox 1741 2156 1925 2230; x_wconf 93' lang='lat' dir='ltr'><strong>Lucilium</strong></span> <span class='ocrx_word' id='word_1_83' title='bbox 1953 2183 2059 2254; x_wconf 91' lang='lat' dir='ltr'><strong>prae·</strong></span> 
     </span>
     <span class='ocr_line' id='line_1_11' title="bbox 560 2280 2058 2386; baseline -0.001 -31"><span class='ocrx_word' id='word_1_84' title='bbox 560 2283 774 2355; x_wconf 89' lang='lat' dir='ltr'><strong>cedentium</strong></span> <span class='ocrx_word' id='word_1_85' title='bbox 801 2282 913 2386; x_wconf 75' lang='lat' dir='ltr'><strong>turba</strong></span> <span class='ocrx_word' id='word_1_86' title='bbox 939 2280 1116 2354; x_wconf 88' lang='lat' dir='ltr'><strong>constat?</strong></span> <span class='ocrx_word' id='word_1_87' title='bbox 1143 2306 1270 2354; x_wconf 89' lang='lat' dir='ltr'><strong>nonne</strong></span> <span class='ocrx_word' id='word_1_88' title='bbox 1296 2281 1502 2355; x_wconf 87' lang='lat' dir='ltr'><strong>Suetonius</strong></span> <span class='ocrx_word' id='word_1_89' title='bbox 1529 2308 1565 2378; x_wconf 91' lang='lat' dir='ltr'><strong>p.</strong></span> <span class='ocrx_word' id='word_1_90' title='bbox 1595 2304 1642 2384; x_wconf 74' lang='lat' dir='ltr'><strong>ao</strong></span> <span class='ocrx_word' id='word_1_91' title='bbox 1668 2281 1777 2354; x_wconf 87' lang='lat' dir='ltr'><strong>Reifs.</strong></span> <span class='ocrx_word' id='word_1_92' title='bbox 1794 2282 2058 2355; x_wconf 90' lang='lat' dir='ltr'><strong>tantummodo</strong></span> 
     </span>
     <span class='ocr_line' id='line_1_12' title="bbox 561 2404 2059 2504; baseline 0 -26"><span class='ocrx_word' id='word_1_93' title='bbox 561 2405 764 2478; x_wconf 93' lang='lat' dir='ltr'><strong>Pacuuium</strong></span> <span class='ocrx_word' id='word_1_94' title='bbox 799 2423 838 2478; x_wconf 96' lang='lat' dir='ltr'><strong>et</strong></span> <span class='ocrx_word' id='word_1_95' title='bbox 873 2405 1037 2478; x_wconf 89' lang='lat' dir='ltr'><strong>Ennium</strong></span> <span class='ocrx_word' id='word_1_96' title='bbox 1072 2404 1268 2502; x_wconf 91' lang='lat' dir='ltr'><strong>appellat?</strong></span> <span class='ocrx_word' id='word_1_97' title='bbox 1301 2431 1374 2502; x_wconf 86' lang='lat' dir='ltr'><strong>ego</strong></span> <span class='ocrx_word' id='word_1_98' title='bbox 1401 2431 1510 2487; x_wconf 86' lang='lat' dir='ltr'><strong>uero,</strong></span> <span class='ocrx_word' id='word_1_99' title='bbox 1537 2407 1567 2478; x_wconf 93' lang='lat' dir='ltr'><strong>si</strong></span> <span class='ocrx_word' id='word_1_100' title='bbox 1596 2431 1765 2504; x_wconf 90' lang='lat' dir='ltr'><strong>eaquae</strong></span> <span class='ocrx_word' id='word_1_101' title='bbox 1791 2407 2059 2504; x_wconf 91' lang='lat' dir='ltr'><strong>supradispu·</strong></span> 
     </span>
     <span class='ocr_line' id='line_1_13' title="bbox 561 2529 2057 2628; baseline -0.001 -25"><span class='ocrx_word' id='word_1_102' title='bbox 561 2531 638 2603; x_wconf 94' lang='lat' dir='ltr'><strong>taui</strong></span> <span class='ocrx_word' id='word_1_103' title='bbox 678 2547 779 2602; x_wconf 90' lang='lat' dir='ltr'><strong>recte</strong></span> <span class='ocrx_word' id='word_1_104' title='bbox 817 2547 906 2602; x_wconf 92' lang='lat' dir='ltr'><strong>sunt</strong></span> <span class='ocrx_word' id='word_1_105' title='bbox 944 2529 1160 2626; x_wconf 91' lang='lat' dir='ltr'><strong>disputata,</strong></span> <span class='ocrx_word' id='word_1_106' title='bbox 1199 2555 1247 2602; x_wconf 92' lang='lat' dir='ltr'><strong>ex</strong></span> <span class='ocrx_word' id='word_1_107' title='bbox 1274 2530 1356 2625; x_wconf 93' lang='lat' dir='ltr'><strong>ipso</strong></span> <span class='ocrx_word' id='word_1_108' title='bbox 1392 2530 1515 2603; x_wconf 90' lang='lat' dir='ltr'><strong>Flacci</strong></span> <span class='ocrx_word' id='word_1_109' title='bbox 1551 2529 1632 2603; x_wconf 90' lang='lat' dir='ltr'><strong>loco</strong></span> <span class='ocrx_word' id='word_1_110' title='bbox 1666 2530 1781 2628; x_wconf 89' lang='lat' dir='ltr'><strong>longe</strong></span> <span class='ocrx_word' id='word_1_111' title='bbox 1816 2530 1943 2628; x_wconf 90' lang='lat' dir='ltr'><strong>plures</strong></span> <span class='ocrx_word' id='word_1_112' title='bbox 1968 2530 2057 2603; x_wconf 92' lang='lat' dir='ltr'><strong>olim</strong></span> 
     </span>
     <span class='ocr_line' id='line_1_14' title="bbox 559 2655 2058 2752; baseline -0.002 -23"><span class='ocrx_word' id='word_1_113' title='bbox 559 2671 771 2729; x_wconf 89' lang='lat' dir='ltr'><strong>saturarum</strong></span> <span class='ocrx_word' id='word_1_114' title='bbox 797 2656 1000 2752; x_wconf 89' lang='lat' dir='ltr'><strong>scriptores</strong></span> <span class='ocrx_word' id='word_1_115' title='bbox 1027 2655 1199 2727; x_wconf 87' lang='lat' dir='ltr'><strong>extitisse</strong></span> <span class='ocrx_word' id='word_1_116' title='bbox 1225 2679 1433 2752; x_wconf 91' lang='lat' dir='ltr'><strong>eorumque</strong></span> <span class='ocrx_word' id='word_1_117' title='bbox 1459 2681 1506 2726; x_wconf 89' lang='lat' dir='ltr'><strong>ex</strong></span> <span class='ocrx_word' id='word_1_118' title='bbox 1530 2680 1688 2728; x_wconf 90' lang='lat' dir='ltr'><strong>numero</strong></span> <span class='ocrx_word' id='word_1_119' title='bbox 1701 2655 1927 2728; x_wconf 90' lang='lat' dir='ltr'><strong>Suetonium</strong></span> <span class='ocrx_word' id='word_1_120' title='bbox 1944 2655 2058 2728; x_wconf 93' lang='lat' dir='ltr'><strong>notis-</strong></span> 
     </span>
     <span class='ocr_line' id='line_1_15' title="bbox 560 2777 2057 2875; baseline 0 -24"><span class='ocrx_word' id='word_1_121' title='bbox 560 2780 674 2852; x_wconf 92' lang='lat' dir='ltr'><strong>simos</strong></span> <span class='ocrx_word' id='word_1_122' title='bbox 713 2780 930 2853; x_wconf 89' lang='lat' dir='ltr'><strong>exhibuisse</strong></span> <span class='ocrx_word' id='word_1_123' title='bbox 964 2777 1111 2875; x_wconf 94' lang='lat' dir='ltr'><strong>colligo.</strong></span> <span class='ocrx_word' id='word_1_124' title='bbox 1160 2779 1213 2850; x_wconf 93' lang='lat' dir='ltr'><strong>sic</strong></span> <span class='ocrx_word' id='word_1_125' title='bbox 1247 2804 1332 2851; x_wconf 92' lang='lat' dir='ltr'><strong>mea</strong></span> <span class='ocrx_word' id='word_1_126' title='bbox 1365 2796 1504 2875; x_wconf 91' lang='lat' dir='ltr'><strong>sponte</strong></span> <span class='ocrx_word' id='word_1_127' title='bbox 1538 2779 1706 2852; x_wconf 90' lang='lat' dir='ltr'><strong>deducor</strong></span> <span class='ocrx_word' id='word_1_128' title='bbox 1739 2781 1787 2853; x_wconf 97' lang='lat' dir='ltr'><strong>ad</strong></span> <span class='ocrx_word' id='word_1_129' title='bbox 1822 2779 2057 2853; x_wconf 90' lang='lat' dir='ltr'><strong>Doederlinii</strong></span> 
     </span>
     <span class='ocr_line' id='line_1_16' title="bbox 560 2903 2057 3001; baseline -0.001 -23"><span class='ocrx_word' id='word_1_130' title='bbox 560 2905 788 2978; x_wconf 89' lang='lat' dir='ltr'><strong>sententiam</strong></span> <span class='ocrx_word' id='word_1_131' title='bbox 816 2905 928 2977; x_wconf 90' lang='lat' dir='ltr'><strong>hodie</strong></span> <span class='ocrx_word' id='word_1_132' title='bbox 954 2903 1190 3000; x_wconf 85' lang='lat' dir='ltr'><strong>neglectam,</strong></span> <span class='ocrx_word' id='word_1_133' title='bbox 1219 2905 1311 2976; x_wconf 91' lang='lat' dir='ltr'><strong>rude</strong></span> <span class='ocrx_word' id='word_1_134' title='bbox 1337 2903 1570 3001; x_wconf 87' lang='lat' dir='ltr'><strong>Graecisque</strong></span> <span class='ocrx_word' id='word_1_135' title='bbox 1596 2904 1780 2976; x_wconf 90' lang='lat' dir='ltr'><strong>intactum</strong></span> <span class='ocrx_word' id='word_1_136' title='bbox 1806 2929 1958 2977; x_wconf 91' lang='lat' dir='ltr'><strong>carmen</strong></span> <span class='ocrx_word' id='word_1_137' title='bbox 1973 2929 2057 2976; x_wconf 90' lang='lat' dir='ltr'><strong>esse</strong></span> 
     </span>
     <span class='ocr_line' id='line_1_17' title="bbox 559 3027 2056 3125; baseline -0.002 -22"><span class='ocrx_word' id='word_1_138' title='bbox 559 3048 708 3103; x_wconf 90' lang='lat' dir='ltr'><strong>saturas</strong></span> <span class='ocrx_word' id='word_1_139' title='bbox 735 3030 772 3102; x_wconf 95' lang='lat' dir='ltr'><strong>in</strong></span> <span class='ocrx_word' id='word_1_140' title='bbox 799 3054 912 3102; x_wconf 91' lang='lat' dir='ltr'><strong>scena</strong></span> <span class='ocrx_word' id='word_1_141' title='bbox 936 3045 1050 3100; x_wconf 90' lang='lat' dir='ltr'><strong>actas.</strong></span> <span class='ocrx_word' id='word_1_142' title='bbox 1078 3053 1309 3125; x_wconf 93' lang='lat' dir='ltr'><strong>quamquam</strong></span> <span class='ocrx_word' id='word_1_143' title='bbox 1336 3027 1605 3101; x_wconf 91' lang='lat' dir='ltr'><strong>Doederlinius</strong></span> <span class='ocrx_word' id='word_1_144' title='bbox 1631 3053 1715 3099; x_wconf 95' lang='lat' dir='ltr'><strong>cum</strong></span> <span class='ocrx_word' id='word_1_145' title='bbox 1741 3045 1934 3101; x_wconf 91' lang='lat' dir='ltr'><strong>auctorem</strong></span> <span class='ocrx_word' id='word_1_146' title='bbox 1954 3028 2056 3100; x_wconf 93' lang='lat' dir='ltr'><strong>illum</strong></span> 
     </span>
     <span class='ocr_line' id='line_1_18' title="bbox 559 3151 2059 3252; baseline 0 -26"><span class='ocrx_word' id='word_1_147' title='bbox 559 3171 726 3226; x_wconf 91' lang='lat' dir='ltr'><strong>sumeret</strong></span> <span class='ocrx_word' id='word_1_148' title='bbox 760 3155 830 3227; x_wconf 86' lang='lat' dir='ltr'><strong>den</strong></span> <span class='ocrx_word' id='word_1_149' title='bbox 862 3153 1012 3226; x_wconf 81' lang='lat' dir='ltr'><strong>urallere</strong></span> <span class='ocrx_word' id='word_1_150' title='bbox 1040 3153 1123 3225; x_wconf 83' lang='lat' dir='ltr'><strong>und</strong></span> <span class='ocrx_word' id='word_1_151' title='bbox 1144 3153 1378 3226; x_wconf 83' lang='lat' dir='ltr'><strong>nemenlosere</strong></span> <span class='ocrx_word' id='word_1_152' title='bbox 1404 3151 1606 3252; x_wconf 77' lang='lat' dir='ltr'><strong>Schoepfer</strong></span> <span class='ocrx_word' id='word_1_153' title='bbox 1630 3152 1698 3224; x_wconf 85' lang='lat' dir='ltr'><strong>der</strong></span> <span class='ocrx_word' id='word_1_154' title='bbox 1722 3151 2059 3247; x_wconf 81' lang='lat' dir='ltr'><strong>e&#39;mprom&#39;se&#39;renden</strong></span> 
     </span>
     <span class='ocr_line' id='line_1_19' title="bbox 560 3275 2055 3373; baseline -0.001 -23"><span class='ocrx_word' id='word_1_155' title='bbox 560 3279 727 3364; x_wconf 77' lang='lat' dir='ltr'><strong>Satura,</strong></span> <span class='ocrx_word' id='word_1_156' title='bbox 757 3304 831 3350; x_wconf 93' lang='lat' dir='ltr'><strong>non</strong></span> <span class='ocrx_word' id='word_1_157' title='bbox 858 3278 1010 3350; x_wconf 92' lang='lat' dir='ltr'><strong>omnia</strong></span> <span class='ocrx_word' id='word_1_158' title='bbox 1036 3295 1145 3373; x_wconf 86' lang='lat' dir='ltr'><strong>parte</strong></span> <span class='ocrx_word' id='word_1_159' title='bbox 1172 3294 1315 3349; x_wconf 91' lang='lat' dir='ltr'><strong>rectum</strong></span> <span class='ocrx_word' id='word_1_160' title='bbox 1342 3276 1447 3350; x_wconf 93' lang='lat' dir='ltr'><strong>uidit.</strong></span> <span class='ocrx_word' id='word_1_161' title='bbox 1476 3292 1608 3349; x_wconf 88' lang='lat' dir='ltr'><strong>contra</strong></span> <span class='ocrx_word' id='word_1_162' title='bbox 1633 3301 1746 3373; x_wconf 91' lang='lat' dir='ltr'><strong>quem</strong></span> <span class='ocrx_word' id='word_1_163' title='bbox 1773 3275 2017 3349; x_wconf 86' lang='lat' dir='ltr'><strong>Teufseliusl.</strong></span> <span class='ocrx_word' id='word_1_164' title='bbox 2033 3276 2055 3350; x_wconf 93' lang='lat' dir='ltr'><strong>l.</strong></span> 
     </span>
     <span class='ocr_line' id='line_1_20' title="bbox 560 3400 2056 3500; baseline 0.001 -26"><span class='ocrx_word' id='word_1_165' title='bbox 560 3429 596 3499; x_wconf 92' lang='lat' dir='ltr'><strong>p.</strong></span> <span class='ocrx_word' id='word_1_166' title='bbox 623 3407 692 3496; x_wconf 87' lang='lat'><strong>625</strong></span> <span class='ocrx_word' id='word_1_167' title='bbox 722 3402 814 3475; x_wconf 91' lang='lat' dir='ltr'><strong>haec</strong></span> <span class='ocrx_word' id='word_1_168' title='bbox 840 3401 1029 3497; x_wconf 89' lang='lat' dir='ltr'><strong>disputat:</strong></span> <span class='ocrx_word' id='word_1_169' title='bbox 1064 3428 1128 3472; x_wconf 80' lang='lat' dir='ltr'><strong>erm</strong></span> <span class='ocrx_word' id='word_1_170' title='bbox 1153 3402 1223 3474; x_wconf 79' lang='lat' dir='ltr'><strong>mil</strong></span> <span class='ocrx_word' id='word_1_171' title='bbox 1245 3401 1365 3474; x_wconf 81' lang='lat' dir='ltr'><strong>dieser</strong></span> <span class='ocrx_word' id='word_1_172' title='bbox 1391 3401 1601 3500; x_wconf 78' lang='lat' dir='ltr'><strong>verglz&#39;elren</strong></span> <span class='ocrx_word' id='word_1_173' title='bbox 1626 3400 1774 3472; x_wconf 82' lang='lat' dir='ltr'><strong>werden</strong></span> <span class='ocrx_word' id='word_1_174' title='bbox 1799 3426 1847 3472; x_wconf 80' lang='lat' dir='ltr'><strong>err</strong></span> <span class='ocrx_word' id='word_1_175' title='bbox 1873 3401 2056 3488; x_wconf 81' lang='lat' dir='ltr'><strong>koennen,</strong></span> 
     </span>
     <span class='ocr_line' id='line_1_21' title="bbox 558 3525 2059 3624; baseline -0.001 -25"><span class='ocrx_word' id='word_1_176' title='bbox 558 3527 678 3599; x_wconf 80' lang='lat' dir='ltr'><strong>haelle</strong></span> <span class='ocrx_word' id='word_1_177' title='bbox 711 3527 805 3599; x_wconf 84' lang='lat' dir='ltr'><strong>de&#39;ese</strong></span> <span class='ocrx_word' id='word_1_178' title='bbox 841 3527 987 3599; x_wconf 77' lang='lat' dir='ltr'><strong>Satura</strong></span> <span class='ocrx_word' id='word_1_179' title='bbox 1022 3526 1103 3598; x_wconf 83' lang='lat' dir='ltr'><strong>dem</strong></span> <span class='ocrx_word' id='word_1_180' title='bbox 1126 3526 1266 3598; x_wconf 80' lang='lat' dir='ltr'><strong>Horae</strong></span> <span class='ocrx_word' id='word_1_181' title='bbox 1286 3525 1522 3624; x_wconf 78' lang='lat' dir='ltr'><strong>geselerr‘eben</strong></span> <span class='ocrx_word' id='word_1_182' title='bbox 1548 3525 1735 3623; x_wconf 77' lang='lat' dir='ltr'><strong>vorlz&#39;egere</strong></span> <span class='ocrx_word' id='word_1_183' title='bbox 1762 3549 1948 3611; x_wconf 82' lang='lat' dir='ltr'><strong>muessen,</strong></span> <span class='ocrx_word' id='word_1_184' title='bbox 1979 3552 2059 3598; x_wconf 82' lang='lat' dir='ltr'><strong>was</strong></span> 
     </span>
     <span class='ocr_line' id='line_1_22' title="bbox 558 3649 2056 3747; baseline -0.001 -23"><span class='ocrx_word' id='word_1_185' title='bbox 558 3652 669 3724; x_wconf 83' lang='lat' dir='ltr'><strong>seleon</strong></span> <span class='ocrx_word' id='word_1_186' title='bbox 702 3650 823 3723; x_wconf 78' lang='lat' dir='ltr'><strong>durch</strong></span> <span class='ocrx_word' id='word_1_187' title='bbox 857 3650 968 3722; x_wconf 79' lang='lat' dir='ltr'><strong>ihren</strong></span> <span class='ocrx_word' id='word_1_188' title='bbox 1012 3649 1227 3723; x_wconf 78' lang='lat' dir='ltr'><strong>Charekler</strong></span> <span class='ocrx_word' id='word_1_189' title='bbox 1259 3651 1317 3722; x_wconf 85' lang='lat' dir='ltr'><strong>als</strong></span> <span class='ocrx_word' id='word_1_190' title='bbox 1347 3650 1641 3747; x_wconf 77' lang='lat' dir='ltr'><strong>Improvz&#39;salrbn</strong></span> <span class='ocrx_word' id='word_1_191' title='bbox 1665 3649 1963 3747; x_wconf 78' lang='lat' dir='ltr'><strong>ausgeselelossen</strong></span> <span class='ocrx_word' id='word_1_192' title='bbox 1988 3650 2056 3736; x_wconf 80' lang='lat' dir='ltr'><strong>ist,</strong></span> 
     </span>
     <span class='ocr_line' id='line_1_23' title="bbox 553 3774 2055 3874; baseline -0.001 -26"><span class='ocrx_word' id='word_1_193' title='bbox 553 3802 658 3874; x_wconf 80' lang='lat' dir='ltr'><strong>gene</strong></span> <span class='ocrx_word' id='word_1_194' title='bbox 705 3776 905 3874; x_wconf 78' lang='lat' dir='ltr'><strong>abgeseleen</strong></span> <span class='ocrx_word' id='word_1_195' title='bbox 951 3775 1071 3847; x_wconf 81' lang='lat' dir='ltr'><strong>deuon</strong></span> <span class='ocrx_word' id='word_1_196' title='bbox 1108 3776 1197 3847; x_wconf 84' lang='lat' dir='ltr'><strong>dass</strong></span> <span class='ocrx_word' id='word_1_197' title='bbox 1233 3775 1329 3847; x_wconf 83' lang='lat' dir='ltr'><strong>de&#39;ese</strong></span> <span class='ocrx_word' id='word_1_198' title='bbox 1369 3775 1552 3860; x_wconf 74' lang='lat' dir='ltr'><strong>Saturae,</strong></span> <span class='ocrx_word' id='word_1_199' title='bbox 1598 3775 1656 3846; x_wconf 85' lang='lat' dir='ltr'><strong>als</strong></span> <span class='ocrx_word' id='word_1_200' title='bbox 1704 3774 2055 3859; x_wconf 80' lang='lat' dir='ltr'><strong>Volksluslbarkee&#39;l,</strong></span> 
     </span>
     <span class='ocr_line' id='line_1_24' title="bbox 554 3898 2058 4000; baseline 0 -28"><span class='ocrx_word' id='word_1_201' title='bbox 554 3899 767 4000; x_wconf 76' lang='lat' dir='ltr'><strong>gler&#39;elefalls</strong></span> <span class='ocrx_word' id='word_1_202' title='bbox 803 3899 1114 3998; x_wconf 77' lang='lat' dir='ltr'><strong>schleelrlerdings</strong></span> <span class='ocrx_word' id='word_1_203' title='bbox 1151 3898 1254 3972; x_wconf 79' lang='lat' dir='ltr'><strong>nieht</strong></span> <span class='ocrx_word' id='word_1_204' title='bbox 1284 3898 1365 4000; x_wconf 83' lang='lat' dir='ltr'><strong>auf</strong></span> <span class='ocrx_word' id='word_1_205' title='bbox 1390 3900 1532 3998; x_wconf 77' lang='lat' dir='ltr'><strong>e&#39;rgend</strong></span> <span class='ocrx_word' id='word_1_206' title='bbox 1560 3899 1689 3972; x_wconf 78' lang='lat' dir='ltr'><strong>welche</strong></span> <span class='ocrx_word' id='word_1_207' title='bbox 1721 3901 1880 3972; x_wconf 76' lang='lat' dir='ltr'><strong>einzelne</strong></span> <span class='ocrx_word' id='word_1_208' title='bbox 1910 3900 2058 3972; x_wconf 83' lang='lat' dir='ltr'><strong>Person</strong></span> 
     </span>
     <span class='ocr_line' id='line_1_25' title="bbox 558 4022 2056 4124; baseline -0.001 -27"><span class='ocrx_word' id='word_1_209' title='bbox 558 4026 615 4097; x_wconf 83' lang='lat' dir='ltr'><strong>als</strong></span> <span class='ocrx_word' id='word_1_210' title='bbox 640 4024 751 4097; x_wconf 80' lang='lat' dir='ltr'><strong>ihren</strong></span> <span class='ocrx_word' id='word_1_211' title='bbox 777 4035 908 4097; x_wconf 75' lang='lat' dir='ltr'><strong>auctor</strong></span> <span class='ocrx_word' id='word_1_212' title='bbox 933 4023 1011 4097; x_wconf 79' lang='lat' dir='ltr'><strong>sich</strong></span> <span class='ocrx_word' id='word_1_213' title='bbox 1036 4022 1346 4124; x_wconf 78' lang='lat' dir='ltr'><strong>eurrlckfueleren</strong></span> <span class='ocrx_word' id='word_1_214' title='bbox 1370 4025 1510 4097; x_wconf 85' lang='lat' dir='ltr'><strong>le&#39;esserz.</strong></span> <span class='ocrx_word' id='word_1_215' title='bbox 1540 4023 1665 4096; x_wconf 91' lang='lat' dir='ltr'><strong>nescio</strong></span> <span class='ocrx_word' id='word_1_216' title='bbox 1691 4024 1794 4096; x_wconf 90' lang='lat' dir='ltr'><strong>unde</strong></span> <span class='ocrx_word' id='word_1_217' title='bbox 1820 4042 2056 4120; x_wconf 88' lang='lat' dir='ltr'><strong>compertum</strong></span> 
     </span>
     <span class='ocr_line' id='line_1_26' title="bbox 559 4147 2056 4245; baseline 0.001 -25"><span class='ocrx_word' id='word_1_218' title='bbox 559 4149 734 4221; x_wconf 87' lang='lat' dir='ltr'><strong>habuerit</strong></span> <span class='ocrx_word' id='word_1_219' title='bbox 770 4147 998 4233; x_wconf 85' lang='lat' dir='ltr'><strong>Teuffelius,</strong></span> <span class='ocrx_word' id='word_1_220' title='bbox 1039 4148 1171 4220; x_wconf 92' lang='lat' dir='ltr'><strong>harum</strong></span> <span class='ocrx_word' id='word_1_221' title='bbox 1210 4166 1422 4221; x_wconf 89' lang='lat' dir='ltr'><strong>saturarum</strong></span> <span class='ocrx_word' id='word_1_222' title='bbox 1459 4147 1509 4219; x_wconf 91' lang='lat' dir='ltr'><strong>nil</strong></span> <span class='ocrx_word' id='word_1_223' title='bbox 1543 4149 1591 4220; x_wconf 95' lang='lat' dir='ltr'><strong>ad</strong></span> <span class='ocrx_word' id='word_1_224' title='bbox 1627 4165 1800 4242; x_wconf 87' lang='lat' dir='ltr'><strong>posteros</strong></span> <span class='ocrx_word' id='word_1_225' title='bbox 1835 4149 2056 4245; x_wconf 90' lang='lat' dir='ltr'><strong>peruenisse</strong></span> 
     </span>
     <span class='ocr_line' id='line_1_27' title="bbox 558 4270 2056 4369; baseline 0 -23"><span class='ocrx_word' id='word_1_226' title='bbox 558 4273 751 4369; x_wconf 91' lang='lat' dir='ltr'><strong>scriptum.</strong></span> <span class='ocrx_word' id='word_1_227' title='bbox 780 4298 867 4346; x_wconf 92' lang='lat' dir='ltr'><strong>nam</strong></span> <span class='ocrx_word' id='word_1_228' title='bbox 894 4298 978 4344; x_wconf 94' lang='lat' dir='ltr'><strong>cum</strong></span> <span class='ocrx_word' id='word_1_229' title='bbox 1005 4270 1120 4368; x_wconf 92' lang='lat' dir='ltr'><strong>longo</strong></span> <span class='ocrx_word' id='word_1_230' title='bbox 1147 4289 1320 4368; x_wconf 91' lang='lat' dir='ltr'><strong>tempore</strong></span> <span class='ocrx_word' id='word_1_231' title='bbox 1347 4270 1431 4345; x_wconf 92' lang='lat' dir='ltr'><strong>illae</strong></span> <span class='ocrx_word' id='word_1_232' title='bbox 1457 4288 1694 4368; x_wconf 88' lang='lat' dir='ltr'><strong>spectantem</strong></span> <span class='ocrx_word' id='word_1_233' title='bbox 1722 4271 1904 4368; x_wconf 92' lang='lat' dir='ltr'><strong>populum</strong></span> <span class='ocrx_word' id='word_1_234' title='bbox 1920 4273 2056 4347; x_wconf 92' lang='lat' dir='ltr'><strong>Roma-</strong></span> 
     </span>
     <span class='ocr_line' id='line_1_28' title="bbox 559 4395 2057 4494; baseline 0.001 -25"><span class='ocrx_word' id='word_1_235' title='bbox 559 4423 648 4469; x_wconf 91' lang='lat' dir='ltr'><strong>num</strong></span> <span class='ocrx_word' id='word_1_236' title='bbox 675 4396 950 4470; x_wconf 89' lang='lat' dir='ltr'><strong>delectauerint</strong></span> <span class='ocrx_word' id='word_1_237' title='bbox 977 4397 1170 4494; x_wconf 89' lang='lat' dir='ltr'><strong>usquead</strong></span> <span class='ocrx_word' id='word_1_238' title='bbox 1198 4396 1347 4468; x_wconf 92' lang='lat' dir='ltr'><strong>Liuium</strong></span> <span class='ocrx_word' id='word_1_239' title='bbox 1375 4395 1654 4481; x_wconf 89' lang='lat' dir='ltr'><strong>Andronicum,</strong></span> <span class='ocrx_word' id='word_1_240' title='bbox 1682 4397 1747 4494; x_wconf 94' lang='lat' dir='ltr'><strong>qui</strong></span> <span class='ocrx_word' id='word_1_241' title='bbox 1767 4414 1931 4470; x_wconf 89' lang='lat' dir='ltr'><strong>testante</strong></span> <span class='ocrx_word' id='word_1_242' title='bbox 1947 4398 2057 4472; x_wconf 92' lang='lat' dir='ltr'><strong>Liuio</strong></span> 
     </span>
     <span class='ocr_line' id='line_1_29' title="bbox 559 4520 2054 4620; baseline 0.001 -28"><span class='ocrx_word' id='word_1_243' title='bbox 559 4520 736 4594; x_wconf 92' lang='lat' dir='ltr'><strong>historico</strong></span> <span class='ocrx_word' id='word_1_244' title='bbox 765 4522 850 4616; x_wconf 90' lang='lat' dir='ltr'><strong>(Vll</strong></span> <span class='ocrx_word' id='word_1_245' title='bbox 879 4545 917 4606; x_wconf 88' lang='lat'><strong>2,</strong></span> <span class='ocrx_word' id='word_1_246' title='bbox 945 4524 982 4618; x_wconf 87' lang='lat'><strong>8)</strong></span> <span class='ocrx_word' id='word_1_247' title='bbox 1010 4521 1056 4594; x_wconf 84' lang='lat' dir='ltr'><strong>ab</strong></span> <span class='ocrx_word' id='word_1_248' title='bbox 1081 4521 1228 4594; x_wconf 79' lang='lat' dir='ltr'><strong>saturis</strong></span> <span class='ocrx_word' id='word_1_249' title='bbox 1251 4546 1370 4593; x_wconf 82' lang='lat' dir='ltr'><strong>ausus</strong></span> <span class='ocrx_word' id='word_1_250' title='bbox 1394 4530 1450 4592; x_wconf 78' lang='lat' dir='ltr'><strong>est</strong></span> <span class='ocrx_word' id='word_1_251' title='bbox 1466 4521 1621 4620; x_wconf 82' lang='lat' dir='ltr'><strong>primus</strong></span> <span class='ocrx_word' id='word_1_252' title='bbox 1644 4521 2054 4620; x_wconf 79' lang='lat' dir='ltr'><strong>argumenlofebulam</strong></span> 
     </span>
     <span class='ocr_line' id='line_1_30' title="bbox 557 4645 2056 4743; baseline 0.002 -26"><span class='ocrx_word' id='word_1_253' title='bbox 557 4671 699 4731; x_wconf 81' lang='lat' dir='ltr'><strong>serere,</strong></span> <span class='ocrx_word' id='word_1_254' title='bbox 737 4646 807 4718; x_wconf 89' lang='lat' dir='ltr'><strong>hoc</strong></span> <span class='ocrx_word' id='word_1_255' title='bbox 841 4662 986 4718; x_wconf 88' lang='lat' dir='ltr'><strong>statues</strong></span> <span class='ocrx_word' id='word_1_256' title='bbox 1013 4663 1117 4730; x_wconf 93' lang='lat' dir='ltr'><strong>tuto,</strong></span> <span class='ocrx_word' id='word_1_257' title='bbox 1157 4645 1187 4717; x_wconf 93' lang='lat' dir='ltr'><strong>si</strong></span> <span class='ocrx_word' id='word_1_258' title='bbox 1215 4670 1290 4717; x_wconf 93' lang='lat' dir='ltr'><strong>non</strong></span> <span class='ocrx_word' id='word_1_259' title='bbox 1318 4645 1486 4741; x_wconf 87' lang='lat' dir='ltr'><strong>integras</strong></span> <span class='ocrx_word' id='word_1_260' title='bbox 1512 4661 1678 4730; x_wconf 90' lang='lat' dir='ltr'><strong>saturas,</strong></span> <span class='ocrx_word' id='word_1_261' title='bbox 1705 4662 1746 4718; x_wconf 93' lang='lat' dir='ltr'><strong>at</strong></span> <span class='ocrx_word' id='word_1_262' title='bbox 1770 4670 1900 4719; x_wconf 88' lang='lat' dir='ltr'><strong>earum</strong></span> <span class='ocrx_word' id='word_1_263' title='bbox 1927 4664 2056 4743; x_wconf 91' lang='lat' dir='ltr'><strong>partes</strong></span> 
     </span>
     <span class='ocr_line' id='line_1_31' title="bbox 559 4768 2052 4866; baseline 0.001 -24"><span class='ocrx_word' id='word_1_264' title='bbox 559 4770 874 4866; x_wconf 89' lang='lat' dir='ltr'><strong>praestantiores,</strong></span> <span class='ocrx_word' id='word_1_265' title='bbox 901 4785 942 4842; x_wconf 89' lang='lat' dir='ltr'><strong>at</strong></span> <span class='ocrx_word' id='word_1_266' title='bbox 967 4768 1116 4866; x_wconf 90' lang='lat' dir='ltr'><strong>singula</strong></span> <span class='ocrx_word' id='word_1_267' title='bbox 1141 4769 1241 4842; x_wconf 93' lang='lat' dir='ltr'><strong>dicta</strong></span> <span class='ocrx_word' id='word_1_268' title='bbox 1268 4770 1368 4842; x_wconf 92' lang='lat' dir='ltr'><strong>haud</strong></span> <span class='ocrx_word' id='word_1_269' title='bbox 1396 4795 1515 4866; x_wconf 91' lang='lat' dir='ltr'><strong>pauca</strong></span> <span class='ocrx_word' id='word_1_270' title='bbox 1541 4786 1580 4841; x_wconf 92' lang='lat' dir='ltr'><strong>et</strong></span> <span class='ocrx_word' id='word_1_271' title='bbox 1607 4769 1644 4841; x_wconf 92' lang='lat' dir='ltr'><strong>in</strong></span> <span class='ocrx_word' id='word_1_272' title='bbox 1665 4771 1846 4844; x_wconf 88' lang='lat' dir='ltr'><strong>memoria</strong></span> <span class='ocrx_word' id='word_1_273' title='bbox 1860 4770 2052 4844; x_wconf 91' lang='lat' dir='ltr'><strong>hominum</strong></span> 
     </span>
     <span class='ocr_line' id='line_1_32' title="bbox 557 4893 2055 4993; baseline 0.001 -27"><span class='ocrx_word' id='word_1_274' title='bbox 557 4910 709 4968; x_wconf 90' lang='lat' dir='ltr'><strong>seruata</strong></span> <span class='ocrx_word' id='word_1_275' title='bbox 743 4911 782 4966; x_wconf 91' lang='lat' dir='ltr'><strong>et</strong></span> <span class='ocrx_word' id='word_1_276' title='bbox 818 4893 953 4966; x_wconf 91' lang='lat' dir='ltr'><strong>litteris</strong></span> <span class='ocrx_word' id='word_1_277' title='bbox 988 4895 1167 4967; x_wconf 91' lang='lat' dir='ltr'><strong>mandata</strong></span> <span class='ocrx_word' id='word_1_278' title='bbox 1201 4918 1303 4977; x_wconf 90' lang='lat' dir='ltr'><strong>esse,</strong></span> <span class='ocrx_word' id='word_1_279' title='bbox 1342 4895 1443 4966; x_wconf 90' lang='lat' dir='ltr'><strong>unde</strong></span> <span class='ocrx_word' id='word_1_280' title='bbox 1478 4895 1514 4966; x_wconf 92' lang='lat' dir='ltr'><strong>in</strong></span> <span class='ocrx_word' id='word_1_281' title='bbox 1543 4895 1757 4967; x_wconf 90' lang='lat' dir='ltr'><strong>Varronum</strong></span> <span class='ocrx_word' id='word_1_282' title='bbox 1785 4895 1852 4968; x_wconf 89' lang='lat' dir='ltr'><strong>has</strong></span> <span class='ocrx_word' id='word_1_283' title='bbox 1878 4895 2055 4993; x_wconf 90' lang='lat' dir='ltr'><strong>reliquias</strong></span> 
     </span>
     <span class='ocr_line' id='line_1_33' title="bbox 556 5016 2054 5116; baseline 0.002 -25"><span class='ocrx_word' id='word_1_284' title='bbox 556 5019 726 5092; x_wconf 90' lang='lat' dir='ltr'><strong>studiose</strong></span> <span class='ocrx_word' id='word_1_285' title='bbox 758 5018 1040 5116; x_wconf 88' lang='lat' dir='ltr'><strong>anquirentium</strong></span> <span class='ocrx_word' id='word_1_286' title='bbox 1079 5016 1193 5090; x_wconf 92' lang='lat' dir='ltr'><strong>libros</strong></span> <span class='ocrx_word' id='word_1_287' title='bbox 1229 5017 1415 5090; x_wconf 87' lang='lat' dir='ltr'><strong>fluxerint.</strong></span> <span class='ocrx_word' id='word_1_288' title='bbox 1456 5034 1496 5092; x_wconf 90' lang='lat' dir='ltr'><strong>et</strong></span> <span class='ocrx_word' id='word_1_289' title='bbox 1531 5019 1719 5092; x_wconf 93' lang='lat' dir='ltr'><strong>undenam</strong></span> <span class='ocrx_word' id='word_1_290' title='bbox 1747 5019 1816 5092; x_wconf 91' lang='lat' dir='ltr'><strong>nisi</strong></span> <span class='ocrx_word' id='word_1_291' title='bbox 1843 5045 1890 5092; x_wconf 91' lang='lat' dir='ltr'><strong>ex</strong></span> <span class='ocrx_word' id='word_1_292' title='bbox 1917 5019 2054 5094; x_wconf 93' lang='lat' dir='ltr'><strong>talibus</strong></span> 
     </span>
     <span class='ocr_line' id='line_1_34' title="bbox 558 5142 2053 5242; baseline 0.003 -28"><span class='ocrx_word' id='word_1_293' title='bbox 558 5142 780 5240; x_wconf 86' lang='lat' dir='ltr'><strong>fragmentis</strong></span> <span class='ocrx_word' id='word_1_294' title='bbox 815 5143 991 5216; x_wconf 90' lang='lat' dir='ltr'><strong>iudicium</strong></span> <span class='ocrx_word' id='word_1_295' title='bbox 1025 5143 1073 5215; x_wconf 90' lang='lat' dir='ltr'><strong>de</strong></span> <span class='ocrx_word' id='word_1_296' title='bbox 1109 5142 1240 5238; x_wconf 90' lang='lat' dir='ltr'><strong>priscis</strong></span> <span class='ocrx_word' id='word_1_297' title='bbox 1274 5143 1411 5215; x_wconf 90' lang='lat' dir='ltr'><strong>saturis</strong></span> <span class='ocrx_word' id='word_1_298' title='bbox 1441 5142 1538 5216; x_wconf 89' lang='lat' dir='ltr'><strong>ferre</strong></span> <span class='ocrx_word' id='word_1_299' title='bbox 1564 5142 1668 5216; x_wconf 93' lang='lat' dir='ltr'><strong>licuit</strong></span> <span class='ocrx_word' id='word_1_300' title='bbox 1692 5169 1789 5216; x_wconf 91' lang='lat' dir='ltr'><strong>aeuo</strong></span> <span class='ocrx_word' id='word_1_301' title='bbox 1816 5144 2053 5242; x_wconf 89' lang='lat' dir='ltr'><strong>posteriore?</strong></span> 
     </span>
     <span class='ocr_line' id='line_1_35' title="bbox 557 5266 2054 5366; baseline 0.003 -27"><span class='ocrx_word' id='word_1_302' title='bbox 557 5267 685 5365; x_wconf 93' lang='lat' dir='ltr'><strong>itaque</strong></span> <span class='ocrx_word' id='word_1_303' title='bbox 723 5267 824 5364; x_wconf 94' lang='lat' dir='ltr'><strong>prior</strong></span> <span class='ocrx_word' id='word_1_304' title='bbox 859 5267 1012 5365; x_wconf 91' lang='lat' dir='ltr'><strong>quidem</strong></span> <span class='ocrx_word' id='word_1_305' title='bbox 1047 5266 1223 5340; x_wconf 83' lang='lat' dir='ltr'><strong>Teuffclii</strong></span> <span class='ocrx_word' id='word_1_306' title='bbox 1257 5267 1445 5340; x_wconf 93' lang='lat' dir='ltr'><strong>dubitatio</strong></span> <span class='ocrx_word' id='word_1_307' title='bbox 1485 5267 1622 5341; x_wconf 90' lang='lat' dir='ltr'><strong>reicula</strong></span> <span class='ocrx_word' id='word_1_308' title='bbox 1648 5287 1706 5342; x_wconf 92' lang='lat' dir='ltr'><strong>est</strong></span> <span class='ocrx_word' id='word_1_309' title='bbox 1733 5269 1899 5366; x_wconf 90' lang='lat' dir='ltr'><strong>nihilque</strong></span> <span class='ocrx_word' id='word_1_310' title='bbox 1925 5271 2054 5343; x_wconf 93' lang='lat' dir='ltr'><strong>obstat</strong></span> 
     </span>
     <span class='ocr_line' id='line_1_36' title="bbox 557 5390 2054 5492; baseline 0.003 -29"><span class='ocrx_word' id='word_1_311' title='bbox 557 5392 758 5490; x_wconf 90' lang='lat' dir='ltr'><strong>quominus</strong></span> <span class='ocrx_word' id='word_1_312' title='bbox 795 5390 924 5464; x_wconf 94' lang='lat' dir='ltr'><strong>Lucilii</strong></span> <span class='ocrx_word' id='word_1_313' title='bbox 959 5391 1162 5464; x_wconf 94' lang='lat' dir='ltr'><strong>dictionem</strong></span> <span class='ocrx_word' id='word_1_314' title='bbox 1197 5410 1454 5489; x_wconf 89' lang='lat' dir='ltr'><strong>comparatam</strong></span> <span class='ocrx_word' id='word_1_315' title='bbox 1489 5394 1657 5466; x_wconf 94' lang='lat' dir='ltr'><strong>dicamus</strong></span> <span class='ocrx_word' id='word_1_316' title='bbox 1692 5420 1776 5466; x_wconf 93' lang='lat' dir='ltr'><strong>cum</strong></span> <span class='ocrx_word' id='word_1_317' title='bbox 1803 5420 1849 5467; x_wconf 90' lang='lat' dir='ltr'><strong>ea</strong></span> <span class='ocrx_word' id='word_1_318' title='bbox 1873 5421 1949 5492; x_wconf 90' lang='lat' dir='ltr'><strong>qua</strong></span> <span class='ocrx_word' id='word_1_319' title='bbox 1975 5412 2054 5469; x_wconf 89' lang='lat' dir='ltr'><strong>ute-</strong></span> 
     </span>
     <span class='ocr_line' id='line_1_37' title="bbox 557 5517 2053 5617; baseline 0.002 -27"><span class='ocrx_word' id='word_1_320' title='bbox 557 5517 696 5591; x_wconf 89' lang='lat' dir='ltr'><strong>bantur</strong></span> <span class='ocrx_word' id='word_1_321' title='bbox 728 5517 792 5613; x_wconf 93' lang='lat' dir='ltr'><strong>qui</strong></span> <span class='ocrx_word' id='word_1_322' title='bbox 831 5518 977 5590; x_wconf 89' lang='lat' dir='ltr'><strong>Romae</strong></span> <span class='ocrx_word' id='word_1_323' title='bbox 1013 5517 1049 5588; x_wconf 91' lang='lat' dir='ltr'><strong>in</strong></span> <span class='ocrx_word' id='word_1_324' title='bbox 1084 5517 1234 5590; x_wconf 93' lang='lat' dir='ltr'><strong>theatro</strong></span> <span class='ocrx_word' id='word_1_325' title='bbox 1262 5519 1373 5591; x_wconf 91' lang='lat' dir='ltr'><strong>rudes</strong></span> <span class='ocrx_word' id='word_1_326' title='bbox 1400 5518 1687 5617; x_wconf 90' lang='lat' dir='ltr'><strong>incomptasque</strong></span> <span class='ocrx_word' id='word_1_327' title='bbox 1712 5520 1880 5616; x_wconf 85' lang='lat' dir='ltr'><strong>agebant</strong></span> <span class='ocrx_word' id='word_1_328' title='bbox 1905 5536 2053 5593; x_wconf 90' lang='lat' dir='ltr'><strong>saturas</strong></span> 
     </span>
     <span class='ocr_line' id='line_1_38' title="bbox 556 5642 2052 5741; baseline 0.002 -27"><span class='ocrx_word' id='word_1_329' title='bbox 556 5659 646 5714; x_wconf 91' lang='lat' dir='ltr'><strong>ante</strong></span> <span class='ocrx_word' id='word_1_330' title='bbox 681 5660 814 5738; x_wconf 89' lang='lat' dir='ltr'><strong>poetas</strong></span> <span class='ocrx_word' id='word_1_331' title='bbox 848 5666 1008 5738; x_wconf 89' lang='lat' dir='ltr'><strong>graecae</strong></span> <span class='ocrx_word' id='word_1_332' title='bbox 1043 5642 1115 5715; x_wconf 91' lang='lat' dir='ltr'><strong>arti</strong></span> <span class='ocrx_word' id='word_1_333' title='bbox 1153 5644 1362 5715; x_wconf 91' lang='lat' dir='ltr'><strong>studentes.</strong></span> <span class='ocrx_word' id='word_1_334' title='bbox 1401 5644 1469 5715; x_wconf 94' lang='lat' dir='ltr'><strong>sed</strong></span> <span class='ocrx_word' id='word_1_335' title='bbox 1504 5645 1606 5741; x_wconf 94' lang='lat' dir='ltr'><strong>quod</strong></span> <span class='ocrx_word' id='word_1_336' title='bbox 1639 5645 1688 5716; x_wconf 96' lang='lat' dir='ltr'><strong>ad</strong></span> <span class='ocrx_word' id='word_1_337' title='bbox 1723 5643 1881 5717; x_wconf 90' lang='lat' dir='ltr'><strong>alteram</strong></span> <span class='ocrx_word' id='word_1_338' title='bbox 1918 5669 1995 5716; x_wconf 92' lang='lat' dir='ltr'><strong>rem</strong></span> <span class='ocrx_word' id='word_1_339' title='bbox 2029 5669 2052 5717; x_wconf 92' lang='lat' dir='ltr'><strong>a</strong></span> 
     </span>
     <span class='ocr_line' id='line_1_39' title="bbox 557 5765 2051 5866; baseline 0.001 -28"><span class='ocrx_word' id='word_1_340' title='bbox 557 5765 744 5839; x_wconf 86' lang='lat' dir='ltr'><strong>Teuffelio</strong></span> <span class='ocrx_word' id='word_1_341' title='bbox 778 5766 984 5852; x_wconf 91' lang='lat' dir='ltr'><strong>obiectam,</strong></span> <span class='ocrx_word' id='word_1_342' title='bbox 1021 5766 1132 5862; x_wconf 92' lang='lat' dir='ltr'><strong>plane</strong></span> <span class='ocrx_word' id='word_1_343' title='bbox 1168 5767 1248 5840; x_wconf 90' lang='lat' dir='ltr'><strong>eius</strong></span> <span class='ocrx_word' id='word_1_344' title='bbox 1283 5766 1419 5839; x_wconf 93' lang='lat' dir='ltr'><strong>iudicio</strong></span> <span class='ocrx_word' id='word_1_345' title='bbox 1445 5768 1659 5840; x_wconf 92' lang='lat' dir='ltr'><strong>subscribo:</strong></span> <span class='ocrx_word' id='word_1_346' title='bbox 1694 5787 1864 5853; x_wconf 92' lang='lat' dir='ltr'><strong>saturae,</strong></span> <span class='ocrx_word' id='word_1_347' title='bbox 1892 5794 2051 5866; x_wconf 92' lang='lat' dir='ltr'><strong>quarum</strong></span> 
     </span>
     <span class='ocr_line' id='line_1_40' title="bbox 557 5889 2052 5990; baseline 0.001 -26"><span class='ocrx_word' id='word_1_348' title='bbox 557 5889 663 5987; x_wconf 92' lang='lat' dir='ltr'><strong>origo</strong></span> <span class='ocrx_word' id='word_1_349' title='bbox 688 5889 1035 5987; x_wconf 90' lang='lat' dir='ltr'><strong>antiquissimorum</strong></span> <span class='ocrx_word' id='word_1_350' title='bbox 1062 5908 1275 5987; x_wconf 90' lang='lat' dir='ltr'><strong>temporum</strong></span> <span class='ocrx_word' id='word_1_351' title='bbox 1292 5892 1458 5965; x_wconf 91' lang='lat' dir='ltr'><strong>tenebris</strong></span> <span class='ocrx_word' id='word_1_352' title='bbox 1472 5891 1654 5966; x_wconf 92' lang='lat' dir='ltr'><strong>obuoluta</strong></span> <span class='ocrx_word' id='word_1_353' title='bbox 1669 5891 1781 5978; x_wconf 89' lang='lat' dir='ltr'><strong>latet,</strong></span> <span class='ocrx_word' id='word_1_354' title='bbox 1803 5918 1877 5965; x_wconf 91' lang='lat' dir='ltr'><strong>non</strong></span> <span class='ocrx_word' id='word_1_355' title='bbox 1893 5910 2052 5990; x_wconf 93' lang='lat' dir='ltr'><strong>possunt</strong></span> 
     </span>
    </p>
   </div>
   <div class='ocr_carea' id='block_1_3' title="bbox 0 0 2624 7396">
    <p class='ocr_par' dir='ltr' id='par_1_3' title="bbox 0 0 2624 7396">
     <span class='ocr_line' id='line_1_41' title="bbox 0 0 2624 7396; baseline 0 3"><span class='ocrx_word' id='word_1_356' title='bbox 0 0 2624 7396; x_wconf 95' lang='lat' dir='ltr'><strong> </strong></span> 
     </span>
    </p>
   </div>
  </div>
 </body>
</html>
