5240 7396
1282 1021 1325 1090 15

632 1217 795 1291 Poscunt
819 1217 934 1291 etiam
961 1243 1073 1314 opem
1099 1217 1376 1317 auxiliumque,
1403 1244 1502 1316 quae
1529 1220 1566 1292 in
1592 1220 1761 1294 eiusdem
1788 1219 1962 1293 carminis
1988 1247 2049 1292 uu.

562 1364 703 1414 12-20
728 1340 923 1438 leguntur:

998 1443 1062 1501 Iam
1083 1441 1234 1502 Daedaleo
1256 1440 1346 1502 tutior
1366 1444 1451 1503 Icaro

995 1538 1097 1599 Visam
1117 1537 1261 1617 gementis
1281 1539 1367 1600 litora
1387 1539 1532 1617 Bosphori

1036 1636 1192 1714 Syrtesque
1212 1635 1352 1698 Gaetulas
1371 1656 1497 1698 canorus

1077 1736 1148 1794 Ales
1169 1736 1439 1812 Hyperboreosque
1459 1754 1590 1812 campos.

995 1833 1047 1893 Me
1066 1832 1195 1892 Colchus
1215 1844 1259 1906 et,
1281 1832 1333 1910 qui
1352 1832 1516 1893 dissimulat
1535 1842 1646 1893 metum

997 1931 1112 1990 Marsae
1132 1931 1277 2006 cohortis,
1298 1932 1398 1991 Dacus
1417 1942 1447 1991 et
1467 1929 1564 1990 ultimi

1038 2027 1169 2088 Noscent
1191 2029 1316 2102 Geloni,
1337 2047 1385 2088 me
1405 2026 1515 2106 peritus

1077 2125 1179 2186 Discet
1200 2127 1295 2186 Hiber
1316 2125 1515 2202 Rhodanique
1535 2137 1631 2203 potor.

557 2259 616 2331 hic
642 2284 795 2356 quoque
821 2259 1071 2357 interpretum
1099 2260 1215 2332 uerba
1241 2285 1296 2332 nee
1313 2260 1465 2355 periens
1478 2260 1591 2333 discet
1602 2260 1729 2333 Hiber
1741 2261 2050 2334 defensitantium

557 2382 741 2456 uoluntati
768 2381 886 2457 desuit
911 2408 1115 2457 successus
1144 2409 1212 2456 nec
1239 2382 1478 2480 neglegenda
1492 2401 1574 2457 erat
1587 2385 1783 2458 adnotatio
1799 2384 2048 2482 Peerlkampii

557 2508 750 2580 uerissime
776 2507 1034 2593 obseruantis‚
1063 2508 1290 2604 ubicumque
1306 2509 1459 2603 periens
1485 2526 1649 2605 ponatur
1665 2508 1857 2596 absolute,
1872 2535 1919 2582 ex
1934 2510 2050 2583 totius

556 2629 625 2705 loci
661 2648 794 2705 tenore
829 2631 935 2705 sacile
970 2657 1174 2729 apparere,
1210 2632 1315 2704 cuius
1350 2633 1401 2704 rei
1429 2633 1575 2705 dicatur
1601 2633 1745 2730 peritia.
1786 2634 1887 2731 quali
1914 2635 2051 2709 indicio

554 2756 755 2830 deficiente
781 2755 843 2830 ille
869 2757 1017 2830 reiectis
1032 2757 1198 2852 priorum
1217 2756 1441 2830 coniecturis
1460 2757 1663 2854 temptauit
1689 2783 1744 2830 nee
1751 2758 1901 2856 peritus
1913 2759 2051 2832 discere

555 2883 691 2956 Hiber.
731 2883 799 2956 sed
834 2883 930 2980 sugit
957 2882 1278 2979 Peerlkampium,
1316 2907 1390 2954 non
1416 2880 1538 2954 solum
1564 2881 1721 2956 sormam
1748 2908 1832 2956 esse
1858 2909 2048 2970 mancam,

554 3009 622 3080 sed
660 3007 775 3080 etiam
812 3033 964 3080 sensum
1000 3006 1171 3080 laborare
1196 3007 1246 3078 ob
1273 3006 1311 3078 id
1338 3006 1461 3102 ipsum
1487 3007 1589 3103 quod
1617 3007 1738 3080 Hiber
1764 3006 1825 3080 ille
1851 3007 2051 3081 inducatur

554 3132 713 3205 discens
758 3133 829 3206 hoc
864 3132 966 3205 enim
1001 3131 1082 3204 uult
1117 3148 1249 3228 poeta:
1289 3131 1326 3202 in
1361 3155 1521 3225 cycnum
1554 3147 1723 3204 mutatus
1758 3133 1967 3227 penetrabo
2000 3133 2049 3206 ad

553 3272 744 3329 extremas
779 3257 880 3329 orbis
907 3272 1092 3329 terrarum
1118 3271 1266 3352 partes,
1302 3253 1571 3351 uolantemque
1598 3280 1658 3327 me
1684 3255 1869 3328 uidebunt
1894 3255 2049 3330 ultimae

552 3396 699 3476 gentes
739 3406 815 3478 qua
850 3381 1014 3477 imagine
1049 3405 1138 3452 usus
1172 3379 1243 3452 etsi
1279 3378 1402 3451 innuit
1436 3378 1516 3450 sore
1550 3395 1592 3450 ut
1626 3378 1766 3476 ubique
1791 3380 1956 3453 carmina
1981 3407 2049 3455 sua

552 3502 728 3601 legantur
761 3504 892 3602 eisque
927 3503 1028 3577 serae
1064 3502 1304 3601 incultaeque
1339 3503 1513 3577 nationes
1538 3505 1587 3576 ad
1613 3503 1887 3577 humanitatem
1914 3508 2049 3601 perdu-

552 3645 705 3714 cantur,
733 3644 860 3702 tamen
887 3628 1105 3727 propositae
1131 3628 1424 3724 comparationis
1450 3652 1525 3701 non
1552 3628 1606 3701 ita
1622 3628 1808 3701 inmemor
1820 3655 1904 3702 esse
1916 3631 2048 3704 debuit

552 3770 595 3825 ut
629 3755 724 3827 duas
758 3779 817 3826 res
853 3753 1023 3826 diuersas
1056 3752 1326 3825 commisceret.
1366 3776 1454 3825 nam
1489 3769 1530 3825 ut
1567 3762 1714 3826 noscent
1745 3770 1837 3850 apta
1861 3771 2048 3853 grataque

550 3877 800 3974 ambiguitate
837 3893 877 3951 et
915 3877 1091 3951 nidebnnl
1127 3893 1166 3949 et
1202 3877 1324 3975 legent
1355 3877 1552 3972 exprimit,
1593 3877 1645 3949 ita
1678 3877 1790 3950 discet
1822 3877 2046 3952 uocabulum

551 4002 754 4099 imaginem
794 4001 892 4075 illam
927 4001 1037 4075 foede
1073 4001 1224 4075 deserit.
1265 4018 1304 4074 et
1340 4001 1451 4074 uideo
1486 4000 1600 4074 etiam
1636 4001 1833 4075 Lehrsium
1867 4003 1940 4077 alia
1964 4003 2046 4077 sine

551 4126 630 4199 iure
664 4143 868 4199 uexantem
903 4127 973 4199 hoc
1008 4143 1136 4200 tamen
1171 4151 1260 4198 uere
1295 4125 1490 4222 exagitare
1525 4126 1673 4199 Horatii
1711 4127 1769 4199 sui
1805 4154 1839 4223 p.
1872 4128 1961 4202 XCI
1988 4129 2045 4202 his

551 4251 693 4323 uerbis:
720 4252 799 4324 eine
823 4251 1000 4324 nielleiclet
1022 4249 1103 4351 se'lr
1137 4250 1266 4323 selenen
1286 4250 1480 4348 gelzaltene
1511 4248 1719 4350 confusion
1751 4251 1930 4325 ewe'seleen
1962 4253 2044 4325 dene

549 4374 883 4448 Schwanleeratins
917 4375 1000 4447 und
1029 4375 1110 4446 dem
1146 4373 1575 4448 Gedicletbneleleorulins.
1616 4400 1685 4448 nec
1711 4375 1834 4448 minus
1859 4377 2043 4450 absonum

549 4519 627 4584 est,
668 4524 780 4572 unam
819 4498 919 4572 illam
957 4516 1112 4596 gentem
1151 4523 1243 4595 prae
1281 4499 1416 4571 ceteris
1436 4513 1437 4516 ’
1455 4514 1649 4596 tamquam
1687 4499 1855 4572 discendi
1882 4500 2042 4596 peritam

549 4623 799 4721 cuqidamque
833 4623 893 4696 hic
927 4623 1061 4697 efferri.
1101 4623 1238 4720 quibus
1274 4623 1482 4697 rationibus
1512 4623 1687 4696 omnibus
1713 4624 1784 4697 hoc
1809 4641 1953 4697 certum
1981 4624 2041 4712 fit,

547 4745 697 4820 latitare
731 4746 768 4818 in
805 4747 922 4820 uerbo
956 4748 1068 4820 discet
1105 4749 1283 4820 mendum
1309 4748 1473 4845 grauius.
1509 4764 1549 4821 et
1574 4747 1753 4846 quoniam
1780 4746 1871 4820 illud
1896 4760 2045 4822 noscent

547 4871 595 4943 ad
629 4870 756 4943 omnia
788 4871 970 4944 orationis
1005 4873 1174 4944 membra
1209 4872 1351 4967 pariter
1387 4888 1536 4968 spectat
1572 4871 1630 4970 (cf.
1666 4898 1724 4944 ex.
1761 4898 1817 4969 gr.
1845 4872 1904 4945 od.
1933 4875 1947 4945 1
1976 4897 2040 4966 30,

546 4997 644 5086 4—-8
671 4994 709 5066 in
736 4995 861 5069 medio
888 4995 1152 5092 interpositum
1178 5021 1377 5069 commune
1404 4998 1561 5070 uerbum
1578 4997 1822 5094 properent),
1859 4997 2041 5071 uocabulo

546 5135 724 5215 corrupto
758 5120 996 5193 obscuratam
1030 5135 1241 5193 statuemus
1275 5145 1373 5206 rem,
1413 5121 1519 5194 cuius
1555 5121 1687 5194 Hiberi
1723 5121 1803 5193 iure
1830 5122 2040 5219 meritoque

546 5243 719 5315 dicantur
752 5243 884 5339 periti,
920 5245 1256 5342 quaerendumque
1290 5245 1362 5318 erit
1387 5244 1528 5343 aliquid
1553 5270 1630 5343 quo
1655 5270 1777 5343 aeque
1802 5270 1846 5318 ac
1873 5245 2039 5343 reliquae

544 5383 681 5463 gentes
716 5367 884 5440 breuiter
911 5366 961 5440 illi
986 5385 1173 5465 acuteque
1198 5369 1481 5443 adumbrentur.
1522 5370 1650 5466 itaque
1677 5369 1750 5442 hau
1776 5369 1853 5442 scio
1878 5395 1927 5443 an
1954 5370 2040 5444 His-

544 5517 664 5588 panos
691 5491 851 5564 metallis
877 5493 1098 5566 exercendis
1124 5491 1244 5567 claros
1271 5493 1324 5567 ita
1349 5494 1606 5591 designauerit
1632 5495 1813 5590 scriptor:

1077 5663 1125 5704 me
1145 5643 1255 5721 peritus
1275 5647 1364 5704 Ditis
1385 5643 1490 5705 Hiber.

542 5777 591 5849 ad
618 5802 715 5874 quae
742 5775 976 5850 inlustranda
1001 5775 1141 5850 saciunt
1168 5778 1285 5851 uerba
1310 5777 1423 5850 Statii
1448 5776 2037 5873 silu.1V7,14sqq.Dalmaeae

543 5911 700 5986 montes,
727 5901 791 5973 ubi
812 5901 904 5974 Dite
930 5902 1011 5973 nese
1027 5901 1197 5998 pallidus
1213 5900 1346 6001 fossor
1369 5903 1470 5975 redit
1491 5912 1667 5998 erutoque
1691 5901 1854 5974 concolor
1877 5927 1984 5974 auro.
