5240 7396
637 1245 796 1342 Epistul.
826 1247 857 1318 ΙΙ
889 1271 928 1331 1,
961 1269 1070 1336 1—4:

942 1415 1018 1476 Cum
1040 1426 1084 1475 tot
1104 1415 1246 1476 sustinens
1262 1425 1291 1476 et
1313 1425 1393 1476 tanta
1413 1415 1533 1492 negotia
1553 1418 1648 1490 solus,

944 1516 1004 1574 Res
1025 1515 1114 1574 Italas
1133 1512 1222 1574 armis
1242 1512 1360 1586 tuteris,
1381 1513 1514 1575 moribus
1534 1533 1635 1588 ornes,

943 1611 1069 1690 legibus
1090 1613 1244 1686 emendes,
1266 1610 1297 1670 in
1317 1611 1436 1689 publica
1458 1613 1618 1672 commoda
1639 1631 1778 1688 peccem,

942 1709 972 1769 Si
994 1711 1085 1788 longo
1105 1729 1240 1771 sermone
1261 1729 1357 1770 morer
1377 1720 1428 1769 tua
1448 1721 1598 1788 tempora,
1620 1710 1734 1770 Caesar.

563 1878 756 1952 Bentleius
796 1879 833 1951 in
873 1879 998 1951 uerbis
1037 1879 1201 1951 moribus
1239 1904 1349 1951 ornes
1388 1878 1554 1951 offensus
1589 1905 1609 1952 e
1646 1879 1861 1953 coniectura
1887 1897 2059 1952 ueterum

562 2003 788 2076 testimoniis
821 2003 922 2100 aptis
956 2003 1124 2076 stabilita
1157 2003 1326 2100 reposuit
1352 2003 1537 2076 moem'bus
1561 2028 1682 2076 ornes.
1710 2003 1974 2100 impugnatum
2001 2020 2060 2077 est

562 2127 651 2210 hoc,
688 2145 729 2200 ut
764 2127 841 2201 fere
877 2127 956 2200 fieri
992 2126 1108 2211 solet,
1143 2129 1191 2200 ab
1219 2128 1427 2200 editoribus
1454 2128 1760 2225 insequentibus;
1788 2127 1857 2200 sed
1882 2153 1981 2225 quae
2007 2127 2058 2201 illi

561 2268 692 2325 contra
718 2251 980 2348 protulerunt,
1007 2277 1099 2324 sane
1126 2252 1233 2324 nauci
1260 2268 1348 2324 sunt
1375 2251 1559 2325 habenda.
1596 2253 1726 2350 quanti
1754 2253 1854 2324 enim
1880 2252 2059 2327 faciemus

560 2376 662 2472 quod
689 2376 976 2472 Cuninghamus
1003 2376 1160 2459 obiecit,
1189 2374 1246 2448 uel
1276 2375 1459 2472 pessimos
1486 2376 1675 2473 principes
1703 2378 1833 2450 urbem
1860 2377 2058 2450 moenibus

560 2499 741 2572 ornasse?
768 2526 860 2596 ergo
887 2527 962 2573 non
989 2483 1092 2573 licuit
1120 2500 1280 2572 Horatio
1308 2517 1500 2596 tamquam
1528 2518 1675 2598 partem
1699 2501 1939 2597 negotiorum
1957 2493 2058 2574 haud

561 2650 716 2720 paruam
753 2625 790 2696 in
817 2625 996 2721 Augusto
1032 2625 1249 2721 praedicare
1285 2625 1321 2696 id
1348 2626 1560 2722 quodcum
1588 2626 1703 2698 ceteri
1729 2626 1934 2722 scriptores
1961 2625 2060 2699 inter

471 2788 476 2797 ·
560 2750 640 2822 eius
675 2749 805 2823 laudes
832 2747 999 2821 referunt
1027 2766 1106 2820 tum
1134 2749 1214 2844 ipse
1242 2749 1449 2844 imperator
1476 2749 1512 2820 in
1540 2775 1664 2822 rerum
1690 2776 1844 2822 suarum
1869 2775 2058 2822 commen-

561 2874 697 2946 tarium
725 2875 868 2970 recepit
896 2873 1076 2967 (monum.
1105 2873 1246 2968 Ancyr.
1275 2873 1316 2945 C.
1351 2897 1392 2964 19
1419 2891 1458 2945 et
1487 2873 1577 2970 2o)?
1603 2873 1645 2946 cl.
1674 2892 1713 2947 et
1739 2875 1944 2947 Suetonius
1971 2875 2055 2948 Oct.

562 3001 626 3070 28:
663 2999 791 3071 urbem
807 3057 814 3070 .
832 3057 862 3070 ..
900 2998 1062 3070 excoluit
1092 2997 1180 3069 adeo
1216 3008 1259 3069 ut
1291 2998 1376 3070 iure
1410 2999 1461 3069 sit
1487 2999 1699 3096 gloriatus,
1734 3025 1986 3072 marmoream
2020 3025 2057 3072 se

558 3123 769 3218 relinquere
793 3149 912 3218 quam*
933 3121 1139 3194 latericiam
1165 3122 1365 3216 accepisset.
1393 3121 1500 3195 aiunt
1527 3148 1639 3218 porro
1666 3148 1742 3196 non
1770 3141 1871 3196 recte
1899 3123 1969 3195 dici
1997 3150 2058 3196 res

558 3248 682 3319 Italas
721 3247 906 3319 moenibus
944 3271 1063 3318 ornes.
1113 3271 1186 3342 ego
1226 3271 1317 3318 uero
1352 3246 1422 3318 hoc
1456 3247 1553 3332 scio,
1600 3248 1630 3320 si
1665 3248 1852 3320 moenibus
1885 3248 2056 3321 similene

559 3370 785 3444 uocabulum
812 3372 848 3443 in
877 3370 1105 3443 membranis
1132 3388 1233 3443 esset
1260 3371 1459 3456 traditum,
1489 3387 1608 3444 totam
1635 3372 1886 3469 interpretum
1911 3373 2057 3446 natiun-

558 3494 679 3568 culam
717 3520 792 3567 uno
828 3521 893 3567 ore
926 3494 1171 3567 clamaturam
1209 3519 1311 3580 esse,
1347 3520 1394 3567 ex
1430 3496 1556 3568 uerbis
1587 3496 1708 3593 magis
1734 3496 1810 3568 late
1837 3498 2056 3593 patentibus

558 3646 619 3691 res
644 3620 770 3692 Italas
800 3619 910 3717 primi
938 3619 1096 3692 membri
1123 3620 1172 3693 ad
1198 3620 1274 3692 duo
1300 3619 1500 3716 sequentia
1525 3619 1757 3716 cogitatione
1782 3622 2055 3695 adsumendam

559 3744 753 3817 notionem
788 3744 1047 3840 angustiorem
1079 3744 1227 3830 urbem;
1263 3769 1331 3816 nec
1358 3744 1458 3816 enim
1483 3769 1546 3817 res
1572 3745 1695 3817 Italos
1719 3743 1821 3817 aliud
1847 3745 2054 3843 quidquam

557 3868 770 3966 significare
805 3894 918 3965 quam
952 3868 1153 3963 imperium
1179 3869 1416 3952 Romanum,
1448 3868 1552 3941 cuius
1578 3870 1689 3942 sedes
1715 3887 1904 3966 caputque
1932 3871 2055 3943 Roma

558 3994 761 4090 praecipue
796 4009 1008 4089 spectetur,
1048 3993 1079 4065 si
1113 3994 1162 4066 de
1197 3994 1363 4090 Augusti
1399 3993 1526 4066 studio
1560 3994 1598 4065 in
1632 3994 1811 4090 operibus
1844 3994 2054 4091 magnificis

557 4118 778 4190 extruendis
817 4117 1059 4214 moribusque
1098 4117 1345 4190 emendandis
1383 4135 1538 4214 agatur,
1586 4134 1625 4190 et
1662 4118 1712 4191 ad
1752 4118 1899 4214 imperii
1938 4119 2054 4191 decus

558 4243 770 4314 redundare
804 4241 987 4340 quidquid
1022 4243 1071 4314 ad
1106 4242 1358 4314 decorandam
1395 4244 1527 4315 urbem
1553 4242 1753 4338 pertineat.
1793 4242 1932 4315 deinde
1957 4242 2054 4315 locu-

558 4367 670 4439 tionis
717 4367 881 4439 moribus
927 4393 1067 4440 muare
1113 4365 1351 4440 insolentiam
1400 4394 1476 4440 non
1520 4384 1676 4441 tuentur
1717 4385 1848 4466 contra
1885 4367 2053 4441 criticum

558 4490 750 4588 Anglum‚
790 4517 875 4564 cum
912 4510 1110 4565 accersunt
1148 4491 1273 4589 qualia
1307 4508 1396 4564 sunt
1431 4492 1524 4588 quin
1558 4503 1599 4564 tu
1635 4503 1667 4564 te
1699 4517 1865 4565 exornas
1891 4492 2054 4565 erroribus

556 4615 685 4710 lepz'des
721 4615 855 4711 (Plaut.
885 4616 998 4688 Most.
1028 4617 1041 4688 1
1069 4640 1111 4709 3,
1144 4616 1201 4713 12)
1241 4632 1307 4688 aut
1344 4617 1409 4688 uir
1444 4617 1609 4689 morr'bus
1640 4627 1800 4689 ornatus
1832 4615 2052 4713 similiaque.

556 4739 692 4836 quibus
740 4739 923 4836 exemplis
963 4740 1135 4813 Bentleio
1182 4741 1263 4813 sine
1301 4741 1540 4815 dubitatione
1578 4743 1676 4814 bene
1714 4741 1813 4813 notis
1852 4742 1889 4814 id
1928 4743 2053 4837 quode

555 4864 700 4960 agitur,
734 4865 828 4936 alios
865 4864 1023 4962 (urbem)
1059 4864 1225 4937 moribus
1256 4891 1397 4938 ornare
1432 4890 1544 4962 posse
1570 4865 1663 4950 dici,
1703 4891 1779 4937 non
1805 4881 2051 4939 sustentatur.

556 5006 595 5061 et
630 4987 700 5060 rite
734 4987 765 5060 si
800 4989 918 5061 uerba
951 4988 1120 5061 codicum
1157 4988 1331 5062 uolumus
1368 4988 1630 5086 interpretari,
1658 4989 1717 5062 hic
1743 4989 1873 5062 euadit
1897 5015 2051 5063 sensus:

555 5113 649 5196 tuis,
677 5113 872 5210 Auguste,
901 5113 1065 5185 moribus
1089 5139 1210 5187 orme
1242 5115 1344 5211 quod
1372 5131 1412 5186 ut
1439 5114 1537 5186 inter
1563 5111 1718 5211 negotia
1745 5114 1873 5188 referri
1901 5115 2051 5212 nequit,

557 5235 609 5309 ita
633 5238 963 5333 quemadmodum¹
981 5235 1065 5309 talis
1091 5263 1226 5310 sensus
1244 5238 1343 5335 aptis
1357 5238 1593 5335 exprimatur
1606 5239 1732 5311 uerbis
1745 5239 1857 5312 docet
1870 5239 2050 5325 Ouidius,

555 5360 619 5457 qui
655 5377 805 5433 metam.
847 5360 924 5433 XV
952 5363 1023 5454 833
1049 5387 1104 5459 sq.
1131 5362 1185 5435 ait
1210 5363 1376 5462 legesque
1390 5362 1498 5464 feret
1520 5363 1751 5436 iustissimus
1776 5374 1908 5437 auctor
1931 5389 2052 5436 exem-

546 5485 683 5580 ploque
715 5510 783 5557 suo
817 5511 937 5558 mores
970 5495 1076 5584 reget
1085 5514 1093 5572 ;
1128 5486 1172 5559 cf.
1208 5506 1247 5560 et
1273 5487 1388 5560 Trist.
1417 5488 1448 5559 11
1477 5513 1516 5573 2,
1546 5511 1591 5581 33
1617 5512 1672 5584 sq.
1708 5487 1872 5585 denique
1897 5488 1929 5560 si
1955 5488 2050 5561 sacili

555 5633 672 5704 opera
705 5627 917 5705 congerunt
952 5608 1071 5695 locos,
1103 5611 1241 5707 quibus
1266 5627 1377 5708 grata
1403 5612 1641 5709 iucundaque
1667 5611 1848 5685 orationis
1875 5613 2050 5685 ubertate

555 5731 656 5806 haud
683 5758 767 5805 raro
792 5734 888 5831 leges
914 5749 953 5806 et
975 5759 1095 5806 mores
1108 5735 1285 5832 coniungi
1300 5736 1536 5833 optineatur‚
1552 5736 1688 5809 iterum
1703 5737 1868 5835 perdunt
1881 5759 2048 5834 operam.

555 5881 784 5953 quamquam
810 5883 902 5930 sane
927 5858 1137 5931 accuratius
1164 5859 1357 5932 Bentleius
1384 5859 1560 5933 euincere
1585 5861 1736 5948 debuit,
1755 5886 1820 5934 cur
1833 5860 2050 5957 displiceret

555 5980 764 6078 tautologia
799 5982 871 6078 ipsi
897 5981 1074 6056 molesta:
1103 5983 1277 6056 nimirum
1304 6009 1457 6056 sensum
1484 5985 1605 6082 magis
1630 6011 1743 6082 quarn
1771 6001 1912 6059 certam
1940 5985 2049 6058 ratio·
2102 6021 2104 6028 ⁴

1870 6111 1885 6155 r
