5240 7396
1278 1011 1321 1081 21

555 1233 632 1304 quo
666 1207 800 1282 clarius
833 1226 1036 1307 appareat,
1072 1212 1253 1284 mutanda
1288 1226 1348 1283 est
1379 1208 1572 1306 paululum
1598 1208 1855 1306 interpunctio
1887 1207 1925 1281 in
1951 1209 2050 1283 hunc

552 1333 728 1406 modum:

1375 1452 1395 1493 o
1415 1431 1539 1492 deorum

976 1527 1006 1589 si
1026 1528 1092 1606 quis
1111 1532 1184 1591 haec
1204 1529 1304 1605 audis,
1326 1528 1440 1589 utinam
1461 1528 1536 1591 inter
1555 1548 1648 1590 errem

1154 1628 1244 1688 Nuda
1264 1629 1363 1688 leones

974 1727 1069 1799 Ante,
1091 1743 1181 1802 quam
1202 1724 1294 1802 turpis
1313 1723 1422 1785 macies
1442 1725 1580 1785 decentes

975 1821 1111 1900 Occupet
1130 1825 1237 1896 malas,
1258 1832 1434 1900 teneraeque
1453 1841 1539 1882 sucus

976 1920 1092 1980 Defluat
1112 1921 1253 1997 praedae!
1276 1919 1409 1998 speciosa
1428 1939 1538 1997 quaero

1154 2019 1278 2079 Pascere
1298 2017 1400 2096 tigres!

554 2202 726 2276 leonibus
761 2203 943 2277 inermem
978 2230 1019 2277 se
1045 2229 1241 2277 occurrere
1267 2203 1394 2300 potius
1420 2228 1533 2301 quam
1560 2203 1675 2276 uitam
1704 2203 1834 2276 uiuere
1858 2203 2048 2278 aerumnis

555 2328 791 2426 miseriisque
826 2330 1001 2402 obrutam
1036 2328 1159 2425 cupit;
1196 2329 1308 2401 modo
1347 2326 1477 2424 pulcra
1511 2328 1645 2414 obeat,
1677 2327 1831 2424 tigrium
1856 2326 1939 2401 uult
1963 2352 2048 2401 esse

554 2453 669 2526 cibus.
697 2453 852 2526 tandem
878 2469 1006 2528 autem
1033 2453 1081 2526 de
1107 2469 1210 2526 certo
1235 2477 1378 2549 genere
1404 2451 1536 2524 mortis
1561 2450 1764 2538 deliberat;
1790 2451 1922 2525 audire
1947 2451 2048 2525 enim

554 2577 625 2650 sibi
652 2577 802 2650 uidetur
827 2595 975 2674 patrem
1001 2575 1135 2674 longas
1161 2576 1229 2650 has
1255 2601 1380 2649 moras
1406 2591 1647 2649 execrantem
1675 2575 1751 2673 (uu.
1780 2576 1961 2676 57—60):

995 2781 1076 2842 =vilis
1096 2783 1231 2859 Europe',
1252 2791 1335 2858 pater
1355 2791 1459 2859 urguet
1478 2781 1597 2856 absens,

992 2879 1083 2955 ‘Quid
1102 2879 1178 2941 mori
1199 2881 1314 2940 cessas?
1334 2890 1419 2956 potes
1438 2879 1494 2939 hac
1514 2879 1555 2941 ob
1574 2897 1649 2939 omo

995 2977 1161 3038 Pendulum
1182 2996 1257 3038 zona
1276 2978 1354 3038 bene
1374 2988 1403 3037 te
1424 2986 1524 3038 secuta
1543 2995 1572 3037 e·

1172 3074 1264 3136 lidere
1283 3076 1411 3136 collum'.

555 3268 592 3343 iri
631 3271 688 3344 his
727 3271 996 3368 Porphyrionis
1034 3270 1165 3345 salsam
1204 3271 1495 3369 explicationem
1534 3271 1736 3344 uerborum
1768 3297 1862 3345 zona
1897 3272 1981 3345 bene
2014 3282 2049 3345 te

553 3407 674 3469 secula
713 3396 875 3482 creduli,
915 3413 1100 3495 quantum
1138 3397 1235 3484 sci0,
1274 3422 1406 3471 omnes
1443 3412 1682 3494 acceperunt.
1721 3397 1790 3470 sed
1827 3420 1959 3470 zonam
1997 3396 2048 3470 ad

553 3520 759 3594 iuuandum
797 3518 939 3594 scilicet
975 3520 1106 3594 mortis
1140 3519 1336 3594 consilium
1374 3520 1522 3618 puellae
1555 3520 1669 3594 fuisse
1702 3519 1898 3607 comitem,
1936 3519 2048 3594 nimis

553 3643 679 3719 hercle
707 3645 884 3742 frigidum
910 3661 1027 3743 atque
1053 3645 1224 3742 ineptum
1251 3662 1310 3719 est
1335 3662 1375 3719 et
1400 3646 1480 3719 iure
1506 3643 1693 3718 inridendi
1719 3642 1915 3718 materiam
1941 3669 2047 3742 prae-

553 3769 635 3841 buit
660 3768 824 3867 amplam
838 3769 1109 3868 quaerentibus
1123 3828 1130 3855 ‚
1150 3785 1192 3842 ut
1206 3769 1469 3867 Peerlkampio
1484 3768 1727 3866 Lehrsioque.
1755 3784 1885 3842 monet
1897 3785 2045 3856 autem,

553 3893 624 3966 nisi
650 3919 804 3991 prorsus
830 3919 891 3967 me
916 3893 1009 3968 fallit
1034 3893 1183 3991 opinio,
1211 3894 1388 3992 Europae
1401 3911 1511 3992 pater
1524 3895 1635 3967 haec:
1662 3892 1761 3966 elide
1782 3892 1919 3966 collum
1931 3918 2044 3981 zona,
2158 3917 2163 3926 ·

552 4019 642 4091 dum
677 4020 775 4093 bene
810 4035 849 4092 te
881 4036 1012 4093 secuta
1038 4036 1097 4093 est
1129 4020 1182 4116 (id
1208 4036 1286 4106 est,
1312 4044 1408 4093 zona
1433 4044 1547 4117 quam
1581 4018 1704 4092 adhuc
1729 4018 1889 4091 honeste
1914 4018 2043 4117 geris).

553 4167 640 4216 nam
666 4143 768 4241 quod
794 4142 894 4216 idem
921 4142 1034 4216 filiam
1062 4161 1173 4217 uocat
1199 4143 1330 4230 uilem,
1362 4143 1499 4216 iterum
1526 4167 1602 4215 non
1627 4143 1676 4217 ad
1702 4167 1834 4216 uerum
1861 4142 2045 4240 flagitium

552 4266 627 4340 iam
664 4268 903 4341 commissum
941 4268 1009 4342 sed
1043 4269 1091 4342 ad
1127 4268 1284 4366 uirginis
1319 4267 1514 4342 leuitatem
1548 4267 1860 4365 impietatemque
1894 4266 2043 4341 referas.

552 4418 628 4489 quo
654 4393 766 4466 modo
791 4393 823 4466 si
849 4418 982 4467 zonam
1007 4394 1106 4467 bene
1130 4409 1299 4467 secutam
1325 4392 1547 4488 accipimuS,
1583 4391 1755 4465 uidemus
1781 4408 1821 4464 et
1844 4416 1911 4464 cur
1936 4407 2047 4489 pater

551 4517 691 4613 probro
728 4534 869 4614 gnatae
907 4518 1046 4591 timens
1085 4518 1134 4591 ad
1168 4517 1404 4590 moriendum
1439 4515 1596 4613 inpellat
1629 4532 1668 4589 et
1694 4515 1786 4613 quid
1812 4516 1865 4589 ita
1889 4517 2045 4613 Europa

551 4641 777 4714 obsecutura
810 4641 860 4714 sit
894 4658 1028 4740 utpote
1063 4642 1234 4740 uirgineo
1261 4667 1402 4738 pauore
1429 4642 1586 4728 iactata,
1617 4666 1703 4714 cum
1729 4657 1931 4713 uenturum
1957 4665 2044 4713 eum

552 4766 616 4863 qui
650 4742 791 4839 zonam
817 4765 953 4863 eripiat
986 4767 1114 4840 animo
1141 4766 1290 4840 iamiam
1317 4766 1544 4864 praesagiat.
1583 4764 1745 4840 alterum
1770 4765 1885 4840 etiam
1912 4765 2045 4838 mortis

551 4914 692 4986 genus,
718 4890 749 4962 si
775 4889 871 4963 sorte
897 4889 973 4965 filia
998 4890 1187 4988 praeferat
1214 4892 1306 4989 (qua
1330 4891 1379 4964 de
1405 4915 1446 4964 re
1471 4889 1514 4963 cs.
1543 4889 1827 4986 Peerlkampius
1845 4890 1942 4963 adu.
1959 4890 2043 4988 59),

552 5031 662 5111 pater
686 5015 926 5088 commendat
954 5015 1011 5111 (61
1042 5016 1162 5113 sqq.):

1010 5219 1079 5281 Siue
1099 5230 1129 5280 te
1148 5239 1235 5298 rupes
1254 5232 1284 5281 et
1304 5231 1391 5280 acuta
1411 5222 1471 5282 leto

1010 5318 1086 5378 Saxa
1105 5319 1269 5392 delectant,
1289 5338 1343 5398 age
1365 5328 1394 5379 te
1414 5320 1560 5396 procellae

1010 5415 1104 5477 Crede
1124 5415 1238 5491 ueloci3
1258 5451 1300 5462 —
1319 5415 1375 5476 nisi
1396 5416 1465 5477 erile
1486 5415 1580 5476 mauis

1109 5514 1236 5592 Carpere
1256 5533 1380 5591 pensum
1400 5533 1461 5592 eqs.

550 5717 805 5798 temptantem
831 5726 912 5787 me,
939 5700 970 5774 si
996 5724 1072 5797 qua
1098 5699 1411 5795 interpretatione
1425 5699 1510 5772 huic
1524 5698 1649 5772 uersui
1662 5723 1879 5773 succurrere
1891 5696 2040 5786 liceret,

550 5825 686 5898 desecit
712 5842 883 5898 euentus,
916 5848 1146 5921 quamquam
1174 5823 1211 5896 in
1238 5823 1292 5896 eis
1318 5849 1416 5921 quae
1441 5840 1530 5906 sunt
1555 5824 1622 5897 leto
1646 5824 1825 5896 delectant
1850 5823 1936 5920 (hoc
1961 5840 2040 5896 est:

551 5949 656 6022 iuuat
695 5949 732 6021 in
766 5948 884 6023 letum
918 5949 1021 6046 quod
1037 6003 1038 6008 ,
1055 5948 1220 6046 quaeris)
1251 5947 1374 6021 nullus
1399 5947 1589 6021 offendor:
1621 5973 1709 6021 nam
1735 5946 1841 6021 facile
1866 5947 2041 6045 beneque
