5240 7396
1298 1023 1343 1096 12

575 1227 726 1301 Ulixem
752 1228 801 1301 ad
827 1227 982 1312 Circen,
1010 1226 1062 1300 sic
1089 1227 1243 1300 maritos
1268 1252 1357 1298 suos
1383 1226 1431 1299 ad
1458 1225 1622 1298 Barinen
1635 1224 1731 1299 serat
1750 1222 1877 1320 ibique
1890 1221 2063 1294 retineat.

573 1352 709 1426 stultos
743 1368 872 1426 autem
905 1349 1075 1424 librarios
1109 1349 1236 1424 decuit
1269 1375 1382 1436 sane,
1422 1351 1522 1422 mala
1557 1374 1632 1423 non
1659 1347 1891 1422 intellectum
1918 1361 2065 1418 mutare

574 1476 611 1548 in
637 1477 791 1550 obuium
818 1475 908 1549 illud
934 1485 1010 1548 tue.

647 1850 873 1934 Od.ll11‚
906 1871 1064 1942 13—17:

1014 2027 1076 2087 Cur
1095 2046 1156 2088 non
1176 2028 1232 2089 sub
1251 2029 1311 2088 alta
1330 2029 1379 2088 uel
1398 2028 1520 2104 platano
1540 2028 1589 2087 uel
1608 2027 1665 2087 hac

1013 2125 1089 2184 Pinu
1110 2124 1238 2186 iacentes
1257 2125 1300 2186 sic
1321 2135 1429 2186 temere
1449 2135 1480 2185 et
1500 2143 1566 2186 rosa

1053 2223 1151 2286 Canos
1171 2222 1287 2285 odorati
1307 2223 1446 2300 capillos,

1092 2323 1173 2382 Dum
1193 2320 1278 2396 licet,
1299 2320 1478 2398 Assyrioque
1499 2321 1592 2381 nardo

1014 2421 1155 2480 Potamus
1174 2418 1279 2479 uncti?

572 2605 642 2653 suo
677 2580 757 2653 iure
792 2579 1075 2678 Peerlkampius
1112 2596 1152 2653 et
1179 2579 1357 2652 Lehrsius
1395 2579 1498 2653 canis
1523 2578 1667 2676 capillis
1692 2579 1815 2652 locum
1841 2604 1925 2653 esse
1952 2605 2065 2677 nega-

574 2722 711 2778 uerunt
749 2721 837 2801 post
871 2705 1020 2778 Horatii
1058 2706 1107 2778 ad
1142 2705 1346 2800 Hirpinum
1373 2704 1571 2800 Quintium
1605 2704 1930 2791 adhortationem,
1958 2721 2000 2777 ut
2026 2705 2064 2778 in

574 2846 651 2903 tam
685 2830 792 2903 breui
826 2829 1034 2902 iuuentutis
1069 2828 1160 2902 flore
1195 2845 1324 2902 utatur
1363 2828 1472 2903 annis
1497 2828 1694 2926 fugacibus
1720 2828 1874 2926 uitaque
1900 2828 2063 2916 fruatur,

572 2970 778 3052 antequam
812 2955 973 3051 obrepat
1007 2969 1193 3027 senectus.
1233 2978 1309 3026 non
1345 2951 1531 3025 intellexit
1564 2952 1706 3026 scilicet
1730 2951 1903 3027 librarius
1928 2952 2063 3052 aliquis

573 3104 619 3152 ea
656 3104 755 3176 quae
793 3079 1025 3175 praecedunt
1060 3105 1120 3150 uu.
1158 3079 1271 3171 5—8:
1302 3076 1419 3177 fugit
1449 3087 1553 3150 retro
1585 3078 1678 3151 leuis
1702 3079 1876 3150 iuuentae
1899 3089 1936 3152 et
1957 3078 2063 3152 decer

571 3202 684 3276 arella
710 3203 869 3300 pellente
897 3203 1053 3276 laseiues
1077 3228 1223 3276 emeres
1246 3202 1379 3275 canitie
1394 3201 1617 3302 facilemque
1641 3227 1812 3275 somnum
1838 3203 2064 3301 putauitque

573 3328 666 3401 haec
692 3327 745 3401 ita
770 3353 854 3400 esse
880 3327 981 3400 dicta
1005 3327 1112 3425 quasi
1140 3327 1213 3401 iam
1233 3351 1273 3399 re
1287 3351 1378 3400 uera
1390 3325 1539 3424 sugeret
1552 3327 1667 3400 decus
1681 3326 1855 3401 iuuenale
1868 3352 2063 3426 senexque

573 3470 689 3550 poeta
720 3453 802 3526 seni
836 3453 957 3526 amico
990 3450 1158 3525 hilariter
1183 3451 1335 3524 uiuendi
1362 3477 1431 3547 per
1457 3477 1616 3548 paruum
1641 3452 1806 3548 spatium
1833 3452 2064 3550 bibendique

572 3593 705 3651 auctor
741 3577 932 3650 existeret.
973 3601 1042 3649 nos
1080 3600 1172 3649 uero
1210 3575 1339 3649 calidis
1376 3576 1500 3649 adhuc
1535 3576 1829 3675 uigentibusque
1863 3577 2063 3650 iuuenibus

573 3703 676 3800 quod
709 3701 888 3775 conuenit
921 3701 1122 3774 reddamus
1156 3700 1410 3798 faciamusque
1444 3727 1511 3774 eos
1543 3699 1717 3774 sestiuam
1743 3701 2064 3798 compotationem

572 3825 709 3900 sestiuo
734 3842 870 3899 ornatu
896 3825 1084 3898 adituros:

1072 3996 1137 4036 rosa
1157 3979 1257 4036 cultos
1276 3976 1392 4036 odorati
1412 3976 1543 4053 capillos.

573 4139 676 4235 quod
714 4136 794 4210 uitii
832 4162 955 4234 genus
992 4137 1113 4210 subsit
1151 4137 1277 4209 uides:
1318 4136 1480 4210 inhaesit
1517 4137 1663 4211 scribae
1701 4163 1816 4234 supra
1849 4139 2063 4213 adumbrati

574 4261 776 4335 memoriae
801 4261 952 4334 canities
977 4260 1069 4334 false
1093 4277 1267 4358 accepta,
1295 4262 1464 4357 reposuit
1489 4261 1589 4334 idem
1616 4279 1751 4358 postea
1777 4264 1826 4335 ad
1840 4262 2064 4336 uocabulum
2099 4347 2102 4352 ,

572 4411 595 4459 a
621 4385 755 4459 litteris
781 4385 902 4458 simile
928 4385 1075 4459 delatus
1101 4385 1237 4458 iterum
1250 4411 1359 4459 canos
1372 4387 1530 4482 capillos.
1557 4412 1673 4484 saepe
1688 4387 1758 4459 hoc
1772 4388 1884 4460 modo
1898 4405 2064 4461 erratum

573 4536 656 4583 esse
694 4510 732 4582 in
770 4510 1027 4584 describendis
1066 4527 1239 4583 ueterum
1277 4527 1474 4584 auctorum
1509 4512 1762 4584 monumentis
1797 4528 1857 4585 sat
1893 4530 2063 4599 constat;

572 4636 677 4708 cuius
703 4636 756 4708 rei
783 4633 1026 4708 memorabile
1051 4660 1143 4708 sane
1169 4634 1385 4732 exemplum
1411 4637 1501 4709 data
1526 4636 1722 4710 occasione
1748 4635 1854 4709 lubet
1879 4653 2064 4724 tractare,

572 4760 656 4832 dico
681 4758 803 4832 locum
830 4759 994 4832 Lucretii
1022 4759 1052 4830 ll
1079 4782 1128 4849 40
1152 4785 1255 4856 sqq:

952 4917 983 4979 Si
1004 4936 1065 4981 non
1086 4921 1160 4980 sorte
1181 4931 1245 4980 tuas
1264 4919 1393 4998 legiones
1413 4939 1465 4998 per
1486 4921 1553 4981 loca
1572 4921 1672 4998 campi

951 5018 1076 5078 Feruere
1095 5036 1165 5077 cum
1185 5016 1302 5092 uideas,
1322 5017 1393 5079 belli
1413 5018 1569 5079 simulacra
1589 5018 1708 5093 cientis,

952 5113 1094 5174 Subsidiis
1115 5114 1229 5194 magnis
1248 5115 1360 5193 epicuri
1381 5115 1597 5190 constabilitas,

952 5211 1078 5272 Ornatas
1098 5211 1186 5273 annis
1207 5212 1314 5290 pariter
1334 5212 1499 5291 pariterque
1520 5213 1678 5288 animatas,

950 5311 1074 5370 Feruere
1095 5329 1165 5370 cum
1185 5309 1286 5371 uideas
1305 5311 1426 5372 classem
1447 5312 1564 5388 lateque
1584 5311 1683 5390 uagari
1703 5329 1763 5388 eqs.

572 5487 612 5542 et
637 5487 764 5543 cetera
788 5470 942 5568 quidem
968 5471 1214 5567 excripsimus
1240 5472 1557 5569 quemadmodum
1581 5472 1786 5546 Lambinus
1801 5473 2063 5546 Lachmannus

573 5593 801 5691 Bemaysius
835 5595 1071 5668 restituenda
1104 5612 1352 5682 censuerunt,
1388 5597 1456 5668 sed
1484 5623 1517 5669 u.
1544 5620 1590 5688 42
1619 5595 1768 5695 qualem
1795 5597 1980 5693 praebent
2005 5623 2063 5672 co-

572 5719 674 5793 dices
699 5719 947 5792 exhibuimus.
974 5737 1033 5792 est
1058 5737 1186 5793 autem
1213 5719 1472 5806 manifestum,
1505 5722 1720 5818 importune
1746 5721 1885 5796 librarii
1913 5748 2065 5795 manum

572 5843 684 5916 cartis
717 5845 917 5917 mandasse
951 5869 1087 5917 nomen
1123 5845 1204 5918 eius
1230 5871 1343 5943 quem
1380 5861 1513 5942 utpote
1538 5872 1562 5920 a
1587 5847 1762 5920 Lucretio
1789 5862 1848 5920 tot
1873 5847 2066 5945 tantisque

572 5965 745 6040 laudibus
792 5967 932 6042 elatum
968 5969 1115 6042 animus
1155 5969 1272 6065 ipsius
1314 5970 1375 6066 pia
1415 5972 1715 6069 prosequebatur
1754 5971 1944 6044 memoria.
1996 5997 2066 6044 nec
