5240 7396
647 1193 1035 1278 Od.lll11‚2—8:

1036 1318 1145 1395 Tuque
1166 1318 1281 1378 testudo
1302 1337 1438 1378 resonare
1457 1327 1569 1394 septem

1175 1414 1291 1475 Callida
1311 1414 1425 1490 neruis,

1036 1514 1101 1573 Nec
1121 1514 1231 1590 loquax
1251 1512 1324 1573 olim
1345 1530 1441 1590 neque
1460 1522 1559 1590 grata,
1580 1521 1710 1572 nuncet

948 1605 951 1612 ⁴
1036 1609 1171 1670 Diuitum
1191 1609 1299 1671 mensis
1318 1619 1348 1671 et
1367 1608 1465 1671 amica
1484 1609 1617 1687 templis,
1713 1605 1716 1612 '

1035 1706 1094 1769 Dic
1114 1709 1236 1784 modos,
1258 1709 1342 1786 Lyde
1361 1706 1468 1786 quibus
1489 1707 1650 1769 obstinatus

1177 1805 1318 1884 Adplicet
1337 1826 1429 1867 aures.

574 1940 606 2014 si
642 1966 727 2013 cum
765 1939 1028 2037 Peerlkampio
1058 1941 1209 2038 quaeris
1245 1966 1312 2013 cur
1337 1940 1490 2013 testudo
1517 1965 1641 2035 neque
1667 1937 1806 2037 loquax
1831 1938 1920 2012 olim
1947 1963 2072 2036 neque

574 2081 686 2161 grata
718 2081 893 2150 uocetur,
930 2090 1003 2162 ego
1030 2064 1231 2137 Horatium
1258 2089 1335 2137 non
1362 2064 1479 2136 uerba
1504 2063 1631 2136 inania
1656 2064 1787 2136 iecisse
1814 2063 2071 2160 respondeb0,

575 2191 643 2263 sed
671 2190 764 2263 haec
790 2190 827 2262 in
854 2215 933 2262 rem
959 2204 1051 2286 apta
1076 2214 1160 2261 cum
1188 2189 1269 2261 ioco
1295 2188 1454 2261 dixisse:
1482 2203 1543 2274 tu,
1567 2189 1776 2274 otestud0,
1791 2189 1923 2261 duram
1938 2188 2072 2284 Lyden

577 2313 667 2385 mihi
695 2312 834 2399 mulce;
862 2313 934 2386 scis
960 2313 1061 2385 enim
1088 2311 1179 2409 quid
1205 2311 1254 2384 sit
1280 2313 1413 2384 surdas
1438 2337 1549 2385 aures
1565 2311 1705 2385 habere
1718 2311 1918 2409 gratiaque
1931 2337 2071 2384 carere.

575 2438 643 2510 sed
681 2437 712 2510 si
751 2438 885 2511 eodem
923 2453 1078 2510 auctore
1117 2462 1165 2508 ex
1199 2462 1260 2509 me
1295 2437 1506 2533 interrogas
1540 2437 1731 2534 quomodo
1766 2435 1840 2509 iam
1873 2436 2073 2534 sequentia

575 2588 675 2635 nuuc
707 2572 745 2634 el
775 2563 938 2635 diuilum
974 2562 1110 2635 mensis
1142 2571 1179 2633 et
1211 2561 1330 2633 amica
1364 2561 1507 2657 templis
1541 2559 1765 2658 explicanda
1791 2577 1941 2658 putem,
1981 2561 2072 2659 quid

576 2687 644 2760 tibi
671 2687 870 2760 exhibeam
896 2687 1042 2760 nescio:
1069 2686 1167 2760 adeo
1192 2686 1285 2760 haec
1311 2686 1405 2759 mire
1430 2703 1520 2758 sunt
1546 2687 1648 2759 dicta
1670 2711 1746 2758 non
1766 2685 1887 2760 solum
1904 2685 1957 2784 (id
1970 2686 2073 2784 quod

577 2811 860 2908 Peerlkampius
900 2812 1051 2910 urguet)
1092 2811 1142 2884 ob
1180 2810 1357 2883 omissam
1393 2836 1525 2883 uocem
1559 2811 1731 2897 deorum,
1767 2836 1881 2908 quam
1916 2827 2074 2908 propter

575 2936 738 3009 diuitum
777 2961 899 3031 paene
938 2935 1086 3032 flagites
1125 2934 1176 3007 illi
1216 2935 1361 3031 templis
1394 2935 1583 3020 additam,
1623 2935 1691 3007 sed
1727 2935 1847 3032 magis
1882 2934 1996 3008 etiam
2023 2935 2073 3008 ob

578 3061 699 3157 ipsam
738 3085 828 3132 rem.
880 3085 979 3157 quae
1019 3059 1119 3132 enim
1158 3059 1333 3133 humilior
1371 3060 1684 3156 inportuniorque
1722 3058 1826 3156 lyrae
1865 3058 1946 3133 laus
1982 3060 2072 3156 fingi

577 3201 706 3282 potest
744 3209 858 3283 quam
897 3183 1079 3256 inseruire
1118 3209 1203 3257 eam
1242 3184 1434 3256 homiuum
1474 3183 1636 3256 diuitum
1667 3181 1937 3257 delectationi?
1975 3210 2074 3282 quae

576 3325 709 3383 contra
757 3308 860 3406 prior
906 3307 1107 3405 potiorque
1154 3308 1325 3381 eiusdem
1364 3307 1595 3404 praedicatio
1634 3333 1748 3405 quam
1785 3333 1861 3406 qua
1899 3309 1987 3382 inde
2025 3310 2074 3383 ab

578 3433 783 3507 Homerico
819 3431 882 3506 illo
915 3438 1099 3531 φόρμιγξ...
1133 3445 1167 3510 ἣν
1198 3445 1259 3532 ἄρα
1289 3436 1365 3506 δαιτὶ
1387 3442 1447 3506 &eu
1478 3449 1601 3510 ποίησαν
1624 3444 1739 3532 ἑταίραν
1771 3457 1903 3506 omnes
1937 3451 2075 3530 poetae

577 3559 750 3633 certatim
788 3557 923 3655 chelyn
950 3556 1195 3630 extulerunt?
1235 3558 1335 3631 unde
1372 3583 1431 3630 ex.
1466 3583 1522 3654 gr.
1561 3556 1743 3630 Horatius
1778 3556 1837 3630 od.
1875 3558 1889 3629 Ι
1926 3581 1990 3650 32,
2032 3581 2074 3652 13

577 3683 734 3779 dapibus
763 3683 935 3779 supremi
961 3693 1082 3780 gruta
1116 3683 1257 3755 testudo
1281 3683 1388 3755 Iouis
1418 3698 1458 3755 et
1483 3681 1733 3755 Germanicus
1758 3682 1795 3755 in
1823 3683 1976 3756 Arateis
2005 3704 2076 3776 270

578 3809 663 3905 lyra
698 3807 896 3880 Mercurio
920 3807 1067 3890 druria,
1104 3806 1258 3880 deorum
1282 3806 1500 3902 plurimum
1536 3807 1655 3879 ami'cu
1680 3808 1808 3902 epulis.
1844 3833 1943 3905 quae
1969 3833 2076 3904 prae-

578 3932 689 4029 cipua
728 3931 928 4005 testudinis
966 3930 1088 4028 gloria
1125 3956 1191 4003 cur
1224 3930 1273 4003 ibi
1309 3929 1459 4016 siletur,
1496 3931 1565 4003 ubi
1595 3932 1644 4004 ad
1678 3929 1777 4005 illam
1804 3931 2074 4005 conciliandam

579 4056 750 4130 adhiberi
785 4055 910 4152 potuit
935 4054 1220 4128 efficacissime?
1249 4055 1302 4127 sic
1328 4056 1417 4126 dum
1444 4054 1640 4151 scrupulos
1666 4072 1705 4127 et
1731 4055 1768 4127 in
1795 4054 1914 4127 forma
1942 4080 2075 4129 manca

580 4197 620 4254 et
645 4180 683 4253 in
710 4206 750 4254 re
777 4181 920 4277 positos
947 4181 1143 4277 perpendo
1169 4179 1314 4263 anim0‚
1349 4179 1517 4252 adducor
1543 4197 1584 4251 ut
1610 4179 1747 4252 diuites
1773 4179 1964 4277 expulisse
1983 4181 2075 4253 deos

579 4321 744 4379 statuam
771 4303 991 4402 legamque:

1035 4428 1187 4490 Caelitum
1208 4428 1316 4489 mensis
1335 4439 1365 4489 et
1384 4427 1482 4488 amica
1501 4428 1627 4506 templis.

580 4589 717 4662 erroris
743 4605 871 4663 autem
897 4613 1010 4661 causa
1035 4585 1148 4660 suisse
1174 4587 1326 4660 uidetur
1351 4588 1511 4683 proximi
1540 4614 1671 4661 uersus
1697 4589 1845 4661 initium
1869 4591 1927 4663 dic
1952 4591 2074 4676 m0d03

580 4715 629 4787 ad
655 4715 757 4811 quod
783 4712 899 4787 oculis
925 4714 1105 4787 aberrans
1131 4711 1302 4785 librarius
1330 4712 1465 4785 uitiose
1490 4713 1653 4785 diuitum
1679 4739 1748 4810 pro
1772 4715 1943 4786 caelitum
1958 4716 2073 4788 dedit.

581 4864 694 4936 quem
721 4855 853 4911 notum
880 4862 1048 4910 errorum
1075 4836 1218 4910 sontem
1246 4852 1288 4908 ut
1312 4834 1394 4909 aliis
1420 4837 1603 4934 exemplis
1632 4839 1740 4911 nouis
1755 4837 1955 4913 inlustrare
1969 4839 2074 4924 licet,

581 4964 635 5036 ita
661 4988 831 5058 promam
859 4963 921 5035 ubi
948 4963 1082 5035 eodem
1110 4962 1223 5034 modo
1248 4962 1329 5035 deis
1355 4962 1490 5035 iniuria
1515 4979 1575 5034 est
1589 4961 1714 5037 inlata.
1742 4964 1845 5060 apud
1860 4963 2075 5037 quenalem

582 5088 668 5159 Vlll
700 5111 762 5180 131
792 5113 875 5184 sqq.
903 5103 1037 5159 extant
1063 5085 1173 5159 haec:

942 5246 991 5305 Tu
1011 5244 1081 5306 licet
1100 5266 1119 5305 a
1139 5245 1212 5307 Pico
1232 5266 1367 5308 numeres
1386 5266 1491 5326 genus,
1513 5249 1632 5326 altaque
1651 5246 1676 5307 si
1696 5259 1725 5309 te

941 5342 1073 5404 Nomina
1091 5345 1255 5420 delectent,
1276 5364 1396 5406 omnem
1418 5345 1560 5407 Titanida
1580 5365 1709 5424 pugnam

942 5443 1022 5502 Inter
1043 5441 1168 5503 maiores
1187 5441 1343 5520 ipsumque
1364 5445 1539 5504 Promethea
1559 5463 1669 5521 ponas,

942 5541 989 5600 De
1009 5559 1198 5618 quocumque
1219 5542 1300 5601 uoles
1321 5559 1465 5617 proauum
1486 5540 1541 5603 tibi
1561 5541 1670 5602 sumito
1689 5540 1775 5603 libro.

584 5689 756 5763 ultimum
783 5715 934 5764 uersum
962 5707 1083 5764 totum
1111 5716 1306 5765 remouere
1333 5691 1451 5765 uoluit
1478 5693 1729 5776 Ribbeckius‚
1757 5716 1826 5763 nos
1849 5690 1940 5763 nihil
1959 5716 2077 5765 remo-

584 5817 751 5889 uendum
785 5815 955 5889 ducimus
990 5815 1060 5888 nisi
1099 5841 1229 5889 uocem
1267 5833 1477 5890 extremam
1511 5817 1605 5889 libro
1639 5816 1738 5888 iusta
1763 5815 2077 5912 interpretatione

584 5957 775 6014 carentem
812 5956 1011 6038 ortamque
1044 5965 1091 6013 ex
1119 5965 1252 6013 uersus
1287 5941 1482 6038 sequentis
1517 5940 1591 6013 fine
1624 5940 1741 6012 libido.
1783 5965 1869 6013 nam
1895 5939 2077 6013 Titanum
