5240 7396
1297 1013 1318 1082 6

557 1214 668 1311 fingi,
701 1213 906 1287 accedente
931 1213 980 1286 ad
1006 1211 1376 1308 hanc-cupiditatem
1404 1227 1597 1308 tamquam
1624 1210 1778 1284 minoris
1803 1210 1986 1284 momenti
2014 1235 2053 1283 re

556 1337 794 1436 paupertatis
819 1337 918 1434 suga.
959 1361 1057 1433 quae
1084 1352 1241 1408 naturae
1273 1335 1631 1432 consuetudinisque
1658 1335 1714 1407 uis
1740 1360 1825 1408 cum
1851 1350 2053 1433 appareat,

556 1463 588 1536 si
623 1461 744 1536 solum
781 1462 924 1536 tamdiu
959 1478 1129 1535 metuere
1163 1461 1301 1535 dicitur
1335 1477 1452 1534 nauta
1485 1460 1665 1558 quamdiu
1698 1461 1815 1533 instat
1839 1475 2055 1558 urguetque

557 1585 764 1684 periculum
798 1611 973 1674 saeuum,
1010 1602 1050 1659 et
1088 1584 1290 1658 Horatium
1325 1585 1520 1681 scripsisse
1546 1600 1586 1657 et
1612 1584 1911 1681 Porphyrionem
1938 1584 1975 1657 in
2002 1585 2054 1656 in-

558 1713 806 1808 terpretando
832 1712 881 1785 ob
907 1710 1035 1785 oculos
1061 1710 1237 1784 habuisse
1264 1727 1358 1808 puto
1385 1711 1519 1784 haece:

1038 1892 1181 1950 Luctante
1200 1889 1303 1950 Icariis
1323 1888 1460 1951 fluctibus
1480 1889 1580 1950 Abicc

1037 1989 1187 2048 Mercator
1206 1999 1347 2049 metuens.

558 2173 646 2221 nam
684 2159 847 2221 metucns
881 2147 1056 2222 absolute
1084 2148 1142 2246 (ut
1167 2149 1269 2244 apud
1295 2147 1481 2244 optimum
1508 2172 1699 2244 quemque
1723 2147 1962 2244 scriptorem)
1991 2170 2055 2242 po-

558 2273 674 2346 situm
708 2272 815 2346 sacile
851 2273 1044 2346 indoctum
1078 2271 1243 2370 aliquem
1275 2270 1469 2345 librarium
1495 2271 1700 2345 commouit
1725 2272 1775 2345 ad
1799 2269 2054 2344 accusatiuum

559 2422 645 2470 cum
672 2398 790 2470 uerbo
816 2397 878 2471 illo
904 2399 1022 2471 artius
1047 2399 1315 2471 cohaerentem
1342 2397 1629 2470 restituendum.
1662 2397 1795 2469 eadem
1821 2412 1949 2469 autem
1975 2421 2056 2469 ora-

560 2521 673 2594 tionis
699 2521 820 2595 forma
844 2521 1004 2620 legimus
1029 2537 1099 2595 sat.
1127 2522 1142 2592 l
1173 2544 1211 2606 1,
1238 2525 1260 2592 6
1290 2520 1411 2618 (cuius
1437 2520 1613 2594 carminis
1639 2520 1786 2593 initium
1812 2546 1898 2593 cum
1925 2536 2055 2594 nostro

560 2661 738 2742 poemate
776 2647 1071 2742 comparandum
1110 2671 1194 2718 esse
1230 2645 1304 2717 iam
1338 2669 1453 2740 supra
1488 2645 1652 2744 monui):
1686 2654 1817 2718 contra
1851 2656 2054 2732 mercator,

560 2770 692 2842 nauim
717 2770 939 2843 ructantibus
963 2771 1126 2856 austris,
1152 2769 1296 2842 'militia
1320 2779 1376 2841 cst
1391 2769 1538 2864 polim?

636 3203 813 3277 Fluctuat
838 3205 961 3277 adhuc
986 3204 1026 3276 in
1052 3205 1219 3278 carmine
1246 3206 1260 3278 l
1287 3211 1309 3278 6
1335 3207 1532 3279 doctorum
1546 3204 1737 3278 sententia
1749 3206 1798 3278 de
1822 3232 1883 3278 uu.
1903 3210 2054 3299 13-16.

563 3327 701 3425 partim
750 3328 849 3401 enim
900 3328 1203 3426 Peerlkampium
1242 3330 1338 3403 hanc
1376 3330 1573 3426 stropham
1610 3328 1721 3403 obelo
1760 3345 1957 3404 notantem
1995 3328 2055 3402 uel

563 3453 771 3550 prudentes
797 3453 969 3526 homines
994 3452 1096 3526 haud
1121 3471 1281 3551 grauate
1306 3470 1396 3527 sunt
1421 3454 1560 3540 secuti,
1587 3454 1725 3551 partim
1751 3454 1960 3528 defendunt
1979 3454 2057 3527 suis

563 3577 724 3675 quisque
750 3576 968 3649 ratiunculis
995 3577 1075 3650 nisi.
1104 3593 1143 3650 et
1169 3594 1316 3651 ceteros
1339 3578 1493 3675 quidem
1505 3577 1700 3675 scrupulos
1718 3595 1828 3652 acute
1842 3594 1966 3652 motos
1981 3604 2056 3651 non

563 3701 660 3775 tanti
686 3726 770 3774 esse
796 3701 977 3774 momenti
1004 3700 1181 3775 lubenter
1201 3702 1452 3775 concedimus.
1480 3728 1547 3776 cur
1559 3703 1787 3776 Diomedem
1797 3718 1836 3776 et
1846 3702 2057 3776 Merionem

564 3851 613 3898 ex
647 3824 818 3922 personis
853 3823 1065 3898 Homericis
1103 3841 1217 3922 poeta
1248 3824 1407 3923 elegerit
1434 3842 1628 3924 tamquam
1655 3827 1805 3901 uirtutis
1830 3827 2056 3923 specimina,

564 3949 649 4046 quis
683 3949 781 4022 bene
805 3974 921 4022 sanus
947 3949 1060 4022 hodie
1085 3949 1291 4023 diiudicet?
1323 3951 1431 4023 nobis
1459 3951 1705 4048 postgenitiS,
1732 3951 1796 4048 qui
1823 3951 1916 4049 quid
1941 3952 2058 4026 Grae-

565 4099 693 4147 corum
720 4074 815 4170 epici
843 4089 930 4170 post
957 4075 1166 4147 Homerum
1194 4075 1369 4172 uigentes
1394 4075 1432 4148 in
1458 4075 1531 4148 illis
1557 4076 1815 4149 describendis
1840 4076 1911 4148 sibi
1939 4075 2058 4149 indul-

565 4197 685 4271 serint
718 4198 948 4283 nesciamus,
987 4199 1080 4271 satis
1103 4214 1186 4272 esto
1211 4197 1330 4272 altero
1357 4225 1510 4297 quoque
1536 4198 1617 4272 loco
1646 4199 1720 4296 (od.
1748 4199 1763 4271 I
1794 4221 1856 4294 15,
1885 4206 1931 4273 26
1956 4203 2056 4300 sqq.)

567 4322 635 4394 hos
661 4321 756 4394 duos
782 4322 916 4395 heroas
942 4322 1075 4395 sociari
1102 4321 1332 4420 laudarique.
1361 4348 1590 4421 quamquam
1617 4325 1688 4397 hoc
1713 4340 1816 4397 recte
1836 4324 2059 4423 intellegere

567 4445 656 4518 mihi
684 4445 833 4532 uideor,
860 4447 1144 4542 comparatione
1170 4447 1207 4519 in
1234 4446 1392 4544 singulis
1419 4473 1495 4520 non
1522 4448 1633 4521 nimis
1659 4449 1857 4546 urguenda
1881 4449 2059 4546 Tydiden

566 4569 713 4668 superis
748 4594 877 4667 parem
911 4595 988 4643 non
1021 4569 1135 4643 alium
1167 4571 1240 4645 dici
1266 4596 1380 4668 quam
1406 4571 1529 4669 ipsum
1556 4572 1794 4670 Augustum,
1821 4574 1880 4646 cui
1905 4576 2061 4649 accedat

567 4694 745 4792 Agrippa
770 4710 964 4791 tamquam
991 4695 1183 4768 Meriones
1210 4695 1367 4793 puluere
1392 4697 1566 4770 sordidus
1583 4698 1622 4796 l).
1655 4698 1747 4771 haec
1773 4698 1890 4796 igitur
1913 4698 2062 4797 aliaque

567 4818 717 4893 obiecta
752 4817 885 4916 (ueluti
919 4819 1033 4919 digne
1064 4821 1260 4917 scripserit
1279 4820 1402 4894 ⁴nimis
1429 4846 1581 4918 prosam
1606 4822 1817 4896 orationem
1842 4850 1995 4921 sapere:
2023 4841 2063 4898 at

568 4941 611 5016 cl.
651 4969 708 5016 εκ.
748 4969 804 5041 gr.
842 4942 923 5018 laus
949 4944 1094 5017 Pisonis
1120 4946 1166 5017 68
1192 4945 1277 5041 quis
1301 4945 1414 5044 digne
1438 4944 1599 5045 referat)
1627 4945 1752 5033 sacile,
1780 4963 1822 5020 ut
1847 4948 1944 5036 dixi,
1972 4947 2062 5022 tole-

569 5083 718 5154 rantur;
745 5069 813 5140 sed
839 5067 877 5140 in
904 5093 950 5141 eo
977 5069 1280 5166 comprobandus
1307 5084 1366 5142 est
1392 5069 1675 5166 Peerlkampius
1700 5072 1803 5168 quod
1829 5073 1926 5145 hanc
1951 5073 2063 5146 inter-

570 5191 807 5289 rogationem
831 5192 916 5288 quis
940 5193 1054 5292 digne
1074 5193 1270 5290 scripserit
1288 5194 1470 5267 absonam
1491 5195 1769 5292 absurdamque
1791 5196 2061 5293 pronuntiauit.

569 5315 675 5389 cuius
708 5341 861 5401 sensus,
897 5331 940 5388 ut
973 5332 1012 5389 et
1048 5316 1143 5390 ratio
1177 5333 1217 5390 et
1253 5316 1429 5414 exempla
1461 5318 1600 5391 docent
1625 5334 1824 5405 sexcenta,
1850 5319 1909 5393 hic
1935 5337 2063 5418 potest

570 5465 655 5514 esse
688 5439 838 5512 unicus:
874 5465 987 5513 nemo
1019 5440 1135 5538 digne
1160 5442 1309 5516 scribet.
1339 5468 1482 5540 ergone
1508 5467 1557 5515 ne
1577 5425 1722 5516 vVarius
1746 5444 1899 5541 quidem
1924 5445 2064 5519 scribet

570 5564 705 5662 digne,
746 5564 846 5638 idem
882 5565 1040 5653 Varius,
1079 5567 1128 5639 ad
1155 5592 1269 5663 quem
1296 5582 1490 5664 tamquam
1515 5567 1691 5641 carminis
1717 5566 1908 5641 Homerici
1934 5568 2062 5642 alitem

634 5877 657 5958 ¹)
678 5876 727 5937 alii
748 5880 914 5956 Augustum
935 5879 991 5939 sub
1011 5876 1115 5938 Martis
1134 5896 1275 5955 persona,
1297 5880 1352 5940 sub
1363 5877 1516 5940 Diomedis
1528 5878 1691 5957 Agrippam
1705 5877 1861 5957 significari
1872 5878 2063 5956 existumant;

571 5975 623 6036 sed
643 5973 716 6052 quid
736 5985 800 6035 tum
820 5976 872 6036 fiet
892 5975 1042 6036 Merioni?
1061 5993 1159 6052 neque
1179 5974 1252 6037 illud
1272 5979 1392 6054 superis
1405 5988 1516 6055 parem
1536 5987 1607 6054 apte
1626 5975 1733 6038 dicitur
1752 5978 1791 6038 de
1811 5976 1952 6056 Agrippa
