5240 7396
1295 1001 1341 1068 10

570 1228 674 1300 sqq.‚
713 1217 753 1273 et
788 1199 1040 1297 praecedente
1077 1198 1217 1272 totiens
1252 1197 1313 1272 illo
1348 1209 1381 1271 le
1417 1199 1540 1272 scriba
1573 1199 1643 1272 hoc
1675 1223 1828 1296 quoque
1854 1196 1936 1271 loco
1962 1196 2062 1269 idem

572 1325 717 1422 posuit,
744 1350 829 1398 cum
856 1348 998 1421 ponere
1024 1323 1203 1396 deberet:

1007 1476 1052 1535 Er
1070 1475 1143 1552 Spes
1161 1483 1192 1534 et
1211 1475 1281 1535 albo
1300 1493 1364 1533 ram
1383 1473 1470 1535 Fides
1489 1475 1553 1534 coit

1009 1573 1115 1633 Velata
1135 1591 1236 1649 panno
1256 1591 1312 1632 nec
1332 1571 1473 1634 comitem
1494 1572 1621 1650 abnegat
1640 1589 1701 1648 eqs.

571 1734 631 1779 uu.
664 1711 806 1779 16-20
830 1706 878 1779 de
905 1707 1098 1779 Fortunae
1124 1693 1417 1779 anteambulone
1443 1704 1682 1778 Necessitate
1707 1720 1833 1777 actum
1860 1720 1938 1789 est;
1963 1728 2062 1776 nunc

570 1830 661 1929 quid
686 1830 847 1904 eandem
873 1846 1056 1928 sequatur
1081 1830 1303 1926 exponitur:
1329 1829 1482 1927 quando
1508 1845 1549 1901 tu
1575 1828 1713 1926 linquis
1739 1827 1883 1914 feliceS,
1911 1827 1965 1900 tui
1980 1826 2062 1901 loco

569 1955 801 2029 conueniunt
839 1970 879 2027 et
917 1955 1015 2051 Spes
1053 1971 1093 2027 et
1133 1954 1265 2040 Fides,
1306 1979 1404 2051 quae
1439 1969 1721 2051 prosequuntur
1754 1978 1778 2026 a
1812 1968 1850 2025 te
1877 1952 2059 2025 desertos.

570 2079 685 2153 traxit
723 2095 851 2152 autem
891 2079 1044 2165 uitium,
1084 2095 1127 2152 ut
1165 2078 1244 2150 fieri
1282 2077 1398 2164 solet,
1426 2077 1578 2150 uitium:
1614 2103 1708 2151 uoce
1731 2087 1769 2150 el
1793 2077 1830 2149 in
1857 2086 1890 2149 te
1916 2091 2062 2149 mutata

569 2203 781 2276 necessario
805 2205 876 2276 eail
900 2204 937 2275 in
963 2204 1047 2276 calil
1072 2203 1194 2277 cessit.
1233 2247 1279 2256 -
1317 2203 1480 2275 camitem
1506 2203 1682 2302 abnegat,
1709 2202 1851 2276 scilicet
1875 2227 1931 2286 se,
1958 2200 2060 2298 quod

569 2326 651 2401 loco
677 2327 805 2402 Ouidii
831 2354 864 2402 a.
892 2353 924 2401 a.
955 2328 969 2400 Ι
1002 2349 1067 2421 127
1096 2343 1198 2401 recte
1224 2326 1500 2401 stabiliuerunt.

643 2797 715 2872 Od.
752 2799 783 2870 ll
818 2800 840 2870 8
876 2823 951 2870 non
987 2823 1123 2872 nocere
1162 2799 1323 2873 Barinae
1358 2798 1476 2896 (quod
1515 2822 1653 2869 nomen
1688 2796 1815 2870 multis
1840 2813 2060 2893 suspectum

569 2923 667 2996 bene
700 2939 829 2996 tuetur
863 2921 912 2995 H.
942 2923 1136 2995 Usenerus
1173 2949 1265 2995 mus.
1303 2923 1424 2995 Rhen.
1454 2922 1588 2995 XXIV
1616 2948 1652 3019 p.
1682 2922 1766 3020 341)
1809 2921 1973 3018 periuria
1999 2946 2061 2994 ex-

569 3072 715 3144 ponens
741 3046 923 3121 Horatius
950 3047 1158 3150 haecdicit
1186 3075 1220 3120 u.
1253 3071 1293 3119 12
1322 3073 1425 3145 sqq.:

967 3197 1059 3260 Ridet
1079 3200 1153 3272 hoc,
1174 3198 1312 3276 inquam,
1333 3200 1434 3258 Venus
1454 3197 1532 3276 ipsa,
1553 3198 1650 3260 ndent

967 3295 1121 3374 Simplices
1142 3297 1315 3374 Nymphae,
1336 3299 1411 3357 ierus
1431 3306 1461 3356 et
1480 3295 1600 3374 Cupido

967 3395 1089 3472 Semper
1108 3395 1243 3455 ardentes
1263 3413 1371 3455 acuens
1391 3393 1509 3473 sagittas

1127 3492 1203 3554 Cote
1223 3503 1353 3554 cruenta.

568 3626 759 3699 hominem
795 3626 1015 3721 simplicem,
1054 3625 1086 3697 si
1120 3650 1144 3698 a
1179 3624 1325 3722 uulgari
1360 3625 1532 3699 uocabuli
1570 3625 1724 3699 notione
1749 3625 1808 3698 hic
1832 3625 2061 3699 alienissima

569 3751 797 3837 recedimuS,
823 3767 956 3823 notum
982 3765 1041 3822 est
1063 3750 1188 3823 uocari
1217 3774 1390 3823 ueracem
1418 3752 1656 3847 probumque
1681 3766 1721 3822 et
1745 3775 1768 3823 a
1789 3749 1919 3823 fraude
1942 3776 2060 3824 remo

568 3892 667 3948 tum:
706 3899 820 3972 quem
859 3899 928 3970 par
961 3890 1020 3946 est
1053 3874 1219 3947 auersari
1253 3899 1296 3947 ac
1330 3873 1504 3971 refugere
1538 3899 1652 3971 quam
1688 3874 1850 3976 maxime
1877 3876 2058 3971 periuria„

568 4025 644 4072 non
670 3999 803 4072 ridere.
830 3998 991 4094 simplex
1017 3998 1132 4071 etiam
1160 4015 1317 4072 uocatur
1342 3997 1480 4071 femina
1507 3998 1560 4070 rei
1586 3998 1792 4071 amatoriae
1817 4016 1964 4072 secreta
1983 4025 2058 4072 non

567 4122 725 4197 callens:
764 4121 876 4220 quale
914 4122 1139 4195 attributum
1175 4123 1328 4195 minime
1354 4124 1463 4195 decet
1490 4122 1690 4219 Nymphas
1716 4123 1877 4196 Veneris
1901 4124 2060 4197 comites

567 4271 738 4345 quasque
764 4247 919 4320 omnino
947 4262 1084 4343 poetae
1111 4245 1242 4342 plenas
1269 4264 1471 4343 proteruae
1497 4246 1672 4320 lasciuiae
1694 4247 1908 4344 amorisque
1920 4249 2061 4344 gaudia

567 4397 643 4444 non
671 4371 882 4444 nescientes
908 4370 1078 4467 fingunt;
1106 4371 1148 4443 cs.
1175 4397 1233 4445 ex.
1261 4397 1316 4468 gr.
1353 4371 1513 4445 Ouidius
1539 4388 1627 4444 met.
1655 4372 1686 4443 ll
1712 4392 1780 4465 451
1810 4381 1859 4458 et,
1878 4373 2065 4469 az'siqaaa'

568 4497 680 4595 uirga
701 4505 773 4581 est,
792 4505 946 4591 paleral
968 4496 1107 4568 sealire
1134 4497 1266 4569 Diana
1292 4497 1390 4568 mille
1403 4497 1499 4569 natis
1511 4495 1894 4592 calpamsNympleae
1906 4498 2061 4570 sensisse

556 4618 760 4720 serantur.
788 4619 988 4717 Nymphas
1012 4636 1139 4692 autem
1167 4619 1356 4692 interdum
1384 4621 1455 4693 dici
1480 4631 1665 4720 agrestes,
1697 4621 1788 4718 quid
1814 4621 1863 4693 ad
1889 4638 2060 4694 nostrum

566 4743 711 4816 locum?
750 4743 869 4816 multo
908 4744 1023 4817 etiam
1063 4744 1183 4840 magis
1223 4743 1351 4840 procul
1390 4745 1554 4818 arcenda
1592 4761 1651 4817 est
1689 4743 1751 4818 illa
1784 4744 2058 4841 interpretandi

566 4867 710 4954 lubido,
736 4893 813 4966 qua
837 4869 997 4965 simplex
1023 4868 1122 4940 idem
1150 4893 1233 4941 esse
1259 4867 1439 4968 acfacilis
1454 4869 1720 4965 pronuntiant:
1747 4870 1818 4943 hoc
1832 4869 1932 4942 enim
1947 4889 2058 4966 pacto

566 5017 613 5065 ex
652 4992 826 5065 omnibus
863 4992 990 5065 omnia
1019 4992 1170 5065 efficere
1203 4991 1299 5064 licet.
1340 5018 1409 5066 nec
1436 4994 1536 5066 enim
1563 4992 1771 5090 Porphyrio
1798 4993 2059 5091 Vergilianum

564 5116 631 5188 sed
643 5115 781 5216 faciles
805 5115 1008 5212 Nymphae
1033 5116 1152 5189 rasere
1178 5115 1305 5189 attulit
1331 5132 1373 5188 ut
1398 5117 1579 5213 simplices
1604 5143 1688 5190 esse
1698 5115 1834 5218 faciles
1846 5117 2057 5214 optineret,

565 5241 633 5313 sed
667 5240 717 5312 ob
750 5238 975 5313 simillimam
1010 5240 1224 5314 uniuersam
1258 5241 1507 5328 sententiam;
1548 5267 1618 5315 nec
1643 5241 1717 5315 alia
1742 5267 1856 5339 quam
1883 5241 2059 5338 primaria

565 5363 841 5461 significatione
874 5380 944 5436 sat.
985 5363 1016 5435 ll
1057 5388 1096 5450 2,
1137 5366 1184 5436 68
1223 5365 1384 5460 simplex
1417 5364 1594 5438 Naeuius
1633 5381 1676 5438 ut
1714 5365 1826 5437 homo
1866 5364 2059 5437 munditiis

565 5486 841 5586 elegantiisque
875 5514 1006 5562 carens
1044 5489 1252 5585 opponitur
1285 5487 1446 5562 delicato
1473 5505 1513 5562 et
1539 5488 1740 5562 luxurioso.
1781 5488 1905 5560 rident
1929 5506 2058 5561 autem

565 5612 768 5709 Nymphae
808 5628 942 5710 utpote
976 5629 1158 5710 expertae
1193 5613 1401 5687 amantium
1438 5615 1678 5688 iuraiuranda
1712 5611 1837 5685 uentis
1871 5614 2060 5708 portanda

565 5735 663 5808 tradi
700 5761 723 5808 a
756 5735 855 5823 deis,
896 5737 1020 5810 rident
1055 5754 1096 5810 ut
1127 5737 1298 5811 consciae
1325 5739 1609 5836 prudentesque
1635 5764 1760 5811 rerum
1786 5737 2057 5811 Venerearum.

566 5884 727 5956 reponas
753 5885 919 5934 mecum:

1083 5959 1180 6021 rident
1200 5958 1332 6038 duplices
1353 5961 1518 6038 Nymphae.
