5240 7396
1292 995 1337 1066 31

570 1195 695 1268 nescio
729 1213 857 1269 autem
892 1221 940 1269 an
977 1196 1015 1267 id
1048 1195 1151 1292 quod
1187 1195 1358 1291 proxime
1397 1195 1519 1292 praeit
1547 1205 1658 1291 pacto
1684 1195 1721 1268 in
1748 1222 1862 1271 causa
1887 1196 1999 1270 suerit
2024 1213 2067 1270 ut

569 1346 638 1417 pro
663 1319 789 1418 fauor
823 1319 1051 1392 scriberetur
1076 1329 1228 1416 paucam
1263 1345 1494 1417 quamquam
1532 1319 1780 1418 litterularum
1808 1331 1840 1417 p
1873 1337 1912 1393 et
1929 1319 1965 1422 f
1984 1347 2066 1418 per-

569 1446 779 1518 mutatione
806 1443 896 1516 nihil
923 1461 981 1516 est
1009 1443 1194 1517 usitatius.

642 1569 846 1643 Desiderat
881 1570 973 1642 haec
999 1568 1162 1665 epistula
1188 1594 1295 1642 curas
1321 1568 1484 1642 altiores.
1522 1569 1646 1666 posito
1673 1569 1710 1640 in
1738 1569 1867 1666 primis
1893 1570 2065 1643 uersibus
2139 1581 2144 1594 '

569 1693 650 1780 ill0‚
690 1694 740 1766 nil
777 1695 1000 1769 admirando
1027 1693 1216 1766 hominem
1245 1693 1324 1766 fieri
1351 1694 1524 1779 beatum,
1551 1693 1624 1767 iam
1653 1694 1779 1790 pergit
1805 1693 2005 1767 Horatius:
2033 1695 2064 1767 si

569 1818 628 1891 uel
656 1820 739 1915 ipsa
763 1818 855 1892 caeli
883 1817 1079 1901 miracula,
1111 1844 1209 1914 quae
1235 1816 1323 1889 olim
1352 1817 1483 1914 priscis
1510 1817 1730 1890 mortalibus
1757 1835 1938 1892 terrorem
1965 1818 2065 1891 incu-

569 1944 734 2028 tiebant,
774 1945 856 2016 sine
895 1943 1092 2015 formidine
1129 1941 1236 2014 multi
1273 1944 1423 2028 uident,
1463 1944 1654 2040 quomodo
1694 1943 1847 2015 tandem
1886 1968 1932 2016 ea
1965 1968 2064 2040 quae

569 2067 690 2175 uulgo!
710 2068 882 2140 homines
908 2066 1099 2140 delectant
1126 2083 1215 2137 sunt
1240 2066 1477 2163 spectanda?
1505 2093 1615 2164 pares
1641 2084 1730 2140 sunt
1755 2083 1795 2140 et
1820 2068 1944 2165 quiea
1959 2067 2064 2163 cupit

568 2209 607 2264 et
642 2193 706 2290 qui
742 2193 796 2264 eis
830 2193 992 2266 aduersa
1027 2191 1145 2263 timet.
1189 2192 1269 2287 ipse
1303 2192 1394 2288 quin
1432 2191 1546 2264 etiam
1582 2191 1734 2289 sapiens
1769 2191 1815 2264 et'
1841 2217 2005 2289 aequm,
2032 2192 2063 2264 si

561 2318 748 2390 uirtutem
784 2317 894 2389 nimis
921 2315 1064 2388 seruide
1091 2332 1129 2387 et
1157 2314 1391 2387 inmoderate
1416 2317 1585 2412 appetit,
1614 2317 1765 2389 nomine
1791 2341 1859 2388 suo
1886 2316 2064 2412 indignus

566 2459 635 2514 est.
664 2441 798 2538 quodsi
826 2441 899 2514 iam
925 2441 1062 2513 acerbe
1090 2441 1141 2512 ita
1167 2441 1409 2512 continuatur
1437 2440 1661 2538 (u.17sqq.)
1689 2441 1707 2511 i
1730 2450 2063 2539 nunc,argenlum

451 2590 455 2596 ’
565 2578 602 2638 el
626 2592 796 2638 nzarmor
823 2576 929 2638 uetus
956 2591 1117 2660 aeraque
1139 2575 1179 2636 'el
1200 2575 1303 2636 artes
1315 2566 1476 2660 suspice,
1499 2591 1582 2637 cum
1591 2564 1751 2662 gemmis
1772 2565 1809 2637 T
1796 2565 1906 2661 yrias
1919 2565 2064 2637 mirare

565 2692 699 2764 colores
738 2716 838 2788 eqs,
880 2690 1019 2761 iustum
1059 2688 1157 2761 inter
1197 2689 1288 2761 haec
1328 2707 1367 2761 et
1405 2715 1451 2761 ea
1485 2715 1583 2786 quae
1618 2690 1851 2784 praecedunt
1877 2714 2062 2762 conexum

566 2815 703 2887 frustra
730 2814 965 2911 requirimus
993 2839 1083 2885 suus
1110 2832 1168 2885 est
1196 2812 1377 2886 formulae
1401 2813 1419 2884 i
1442 2835 1542 2886 nunc
1565 2839 1717 2886 sensus:
1733 2831 1935 2911 postquam
1958 2831 2063 2887 certo

565 2940 866 3011 demonstratum
901 2954 961 3009 est
995 2937 1136 3034 aliquid
1172 2937 1305 3010 salsum
1342 2963 1579 3035 pranumque
1613 2963 1715 3022 esse,
1757 2938 1829 3011 iam
1865 2937 1951 3011 lorti
1977 2963 2061 3010 cum

566 3063 737 3135 irrisione
771 3087 839 3158 per
876 3060 965 3134 illud
992 3062 1009 3132 ί
1033 3062 1337 3134 nunc'suadetur
1365 3079 1406 3134 ut
1433 3062 1555 3158 ipsum
1582 3061 1715 3135 falsum
1741 3061 1877 3160 aliquis
1901 3062 2062 3158 amplec-

566 3204 668 3260 tatur
701 3186 931 3259 desendatue
969 3184 1159 3281 (exempla
1192 3203 1389 3259 auctorum
1421 3187 1564 3283 quique
1589 3188 1637 3260 de
1663 3213 1709 3260 eo
1736 3213 1805 3258 usu
1831 3187 2063 3284 scripserunt

565 3313 717 3410 collegit
752 3312 966 3384 Schmidius
994 3312 1046 3383 -ad
1075 3311 1108 3382 h.
1137 3309 1188 3407 l).
1216 3311 1324 3383 deest
1350 3328 1477 3383 autem
1505 3311 1563 3383 hic
1589 3313 1863 3385 demonstratio
1889 3310 1969 3386 illa:
1997 3338 2063 3386 cur

565 3463 786 3533 peruersum
822 3437 872 3509 sit
909 3434 1011 3533 uulgi
1046 3436 1213 3508 studium
1250 3437 1470 3533 neutiquam
1505 3437 1720 3532 expositum
1755 3453 1832 3523 est;
1869 3437 1939 3509 nisi
1966 3437 2061 3509 forte

564 3587 664 3659 quae
701 3563 862 3659 scriptor
901 3587 962 3632 uu.
1005 3564 1124 3653 3-16
1163 3559 1400 3633 solummodo
1436 3561 1544 3657 ponit
1578 3561 1851 3658 contenditque
1886 3561 2061 3634 Numicio

565 3711 634 3782 pro
672 3686 906 3783 argumentis
943 3685 1162 3781 accipienda
1197 3703 1295 3757 sunt.
1336 3710 1450 3782 quam
1486 3686 1812 3782 incongruentiam
1838 3711 1922 3758 cum
1949 3686 2062 3759 inter·

565 3828 693 3907 pretes
734 3812 836 3883 miris
870 3810 992 3882 modis
1026 3810 1225 3881 studerent
1260 3808 1449 3906 explicare
1483 3827 1549 3882 aut
1586 3827 1791 3906 utcumque
1826 3810 2059 3884 tolerandam

564 3951 763 4032 putarent,
802 3933 1034 4007 Ribbeckius
1070 3958 1217 4005 summa
1251 3932 1421 4005 faciendo
1449 3933 1523 4006 ima
1548 3951 1588 4006 et
1615 3934 1768 4030 insuper
1792 3932 1939 4007 alienae
1964 3933 2059 4030 epis-

565 4059 666 4132 tulae
694 4085 820 4156 panno
845 4059 1012 4155 quodam
1039 4058 1181 4130 inserto
1208 4059 1348 4130 nodum
1376 4084 1452 4131 non
1466 4056 1638 4130 dissoluit
1652 4058 1720 4131 sed
1733 4058 1911 4131 dissecuit
1926 4083 2059 4155 parum

563 4185 666 4257 scite.
706 4183 892 4279 optimum
927 4200 1055 4255 autem
1094 4208 1225 4254 eorum
1265 4208 1364 4279 quae
1403 4183 1612 4278 optinenda
1646 4199 1757 4255 erant
1790 4200 2058 4280 argumentum

564 4308 687 4380 inesse
715 4307 803 4380 mihi
831 4308 982 4379 uidetur
1008 4307 1180 4380 uersibus
1206 4306 1454 4405 sequentibus
1483 4329 1645 4399 24—27:

884 4483 1039 4561 Quidquid
1058 4486 1114 4546 sub
1135 4495 1210 4546 terra
1230 4495 1289 4560 est,
1311 4483 1342 4544 in
1362 4484 1496 4562 apricum
1517 4487 1643 4562 proferet
1662 4495 1758 4560 aetas,

883 4582 1020 4644 Delodiet
1040 4584 1208 4660 condetque
1229 4582 1365 4644 nitentia:
1387 4603 1457 4642 cum
1478 4584 1554 4644 bene
1575 4594 1679 4644 notum

883 4680 1017 4742 Porticus
1036 4679 1188 4759 Agrippae
1207 4691 1237 4741 et
1257 4679 1306 4740 uia
1326 4691 1356 4742 te
1375 4681 1561 4758 conspexerit
1581 4681 1679 4759 Appi,

883 4781 930 4839 Ire
950 4789 1050 4840 tamen
1070 4789 1172 4853 restat,
1195 4780 1295 4840 Numa
1315 4797 1375 4856 quo
1396 4779 1518 4840 deuenit
1537 4790 1567 4841 et
1586 4783 1698 4841 Ancus.

562 4967 609 5014 ex
644 4940 847 5037 fragilitate
883 4939 1026 5037 quippe
1054 4965 1178 5013 rerum
1204 4941 1452 5012 humanarum
1480 4940 1533 5013 ita
1559 4958 1601 5012 ut
1627 4940 1760 5013 melius
1786 4939 1866 5013 fieri
1894 4956 2059 5037 nequeat

562 5065 768 5144 euincitur.
796 5065 952 5136 nimium
980 5089 1109 5139 earum
1134 5064 1349 5161 appetitum
1376 5089 1460 5138 esse
1487 5064 1657 5137 inutilem
1680 5090 1907 5162 uanumque.
1936 5065 2058 5137 ethos

562 5215 694 5263 uersus
720 5190 750 5262 si
778 5190 926 5263 traicies
951 5207 1042 5264 ante
1068 5217 1102 5262 u.
1135 5210 1196 5283 17,
1234 5189 1325 5262 illud
1350 5191 1407 5262 ire
1434 5201 1557 5263 tomen
1581 5200 1702 5263 restat
1724 5189 1773 5262 ab
1799 5190 1974 5286 eoquod
1999 5205 2059 5262 est

560 5315 577 5386 i
610 5341 709 5387 nunc
746 5314 933 5411 excipitur
969 5314 1216 5412 grauissime,
1256 5340 1340 5386 cum
1379 5313 1464 5387 huic
1502 5312 1683 5388 formulae
1722 5330 1761 5386 et
1799 5339 1867 5387 sua
1906 5329 2057 5387 maneat

561 5438 787 5535 significatio
825 5455 865 5512 et
901 5439 1057 5513 accedat
1096 5465 1144 5512 ex
1182 5439 1265 5535 ipsa
1299 5438 1541 5535 oppositione
1575 5463 1675 5510 noua
1709 5438 1801 5510 haec
1833 5439 1925 5510 dum
1957 5438 2058 5511 inter

562 5565 670 5636 uiuos
703 5589 750 5636 es.
791 5590 860 5637 nec
895 5565 1018 5637 minus
1051 5564 1221 5661 grauiter
1253 5563 1326 5636 iam
1354 5563 1524 5636 uersibus
1555 5583 1694 5656 17-23
1720 5562 1903 5635 subicitur
1927 5562 2056 5635 statim

562 5715 597 5760 u.
634 5713 680 5780 29
714 5715 851 5785 quaere
874 5687 1021 5790 sugam
1056 5689 1183 5762 morbi.
1225 5705 1283 5762 est
1318 5705 1445 5761 autem
1481 5688 1631 5761 morbus
1666 5686 1789 5760 nullus
1822 5685 1917 5760 alius
1942 5712 2056 5784 quam

563 5837 681 5908 praua
707 5839 831 5886 rerum
858 5813 1026 5885 inanium
1052 5813 1271 5898 admiratio;
1299 5814 1402 5910 quod
1429 5838 1504 5885 non
1531 5810 1763 5885 intellectum
1790 5810 1920 5884 lectori
1946 5810 2055 5884 alicui

561 5936 719 6038 antiquo
749 5938 798 6010 de
824 5937 992 6035 corporis
1018 5936 1116 6011 mala
1143 5936 1359 6010 ualetudine
1385 5936 1568 6034 cogitanti
1594 5961 1708 6010 causa
1733 5952 1815 6009 erat
1840 5952 1882 6007 ut
1908 5961 1955 6008 ex
1981 5961 2055 6008 ser-
