5240 7396
1282 967 1303 1036 9

620 1167 741 1240 Recte
766 1166 970 1240 haeserunt
996 1165 1065 1238 uiri
1093 1166 1300 1263 prudentes
1326 1166 1364 1238 in
1389 1167 1440 1238 od
1465 1166 1480 1239 l
1508 1185 1574 1258 35,
1603 1165 1766 1237 21—28:

987 1336 1033 1395 Te
1053 1335 1126 1412 Spes
1145 1345 1175 1395 et
1194 1336 1264 1396 albo
1284 1355 1349 1394 rara
1368 1334 1455 1396 Fides
1474 1333 1547 1395 colit

985 1433 1091 1494 Velata
1111 1451 1227 1510 panno,
1249 1452 1305 1493 nec
1325 1432 1466 1494 comitem
1485 1433 1629 1512 abnegat,

1026 1532 1198 1607 Utcumque
1218 1541 1330 1591 mutata
1349 1541 1484 1608 potentes

1062 1630 1153 1689 Veste
1173 1628 1279 1689 domos
1299 1625 1420 1688 inimica
1440 1627 1556 1706 linquis.

983 1727 1026 1786 At
1046 1726 1150 1804 uolgus
1171 1724 1295 1785 infidum
1315 1734 1345 1786 et
1365 1724 1500 1786 meretrix
1520 1737 1596 1788 retro

985 1823 1105 1885 Periura
1124 1823 1220 1898 cedit,
1240 1822 1397 1901 diffirgiunt
1416 1822 1497 1884 cadis

1025 1920 1103 1981 Cum
1122 1922 1202 1981 laese
1221 1919 1337 1980 siccatis
1355 1920 1461 1995 amici,

1066 2020 1154 2079 Ferre
1174 2018 1275 2097 iugum
1296 2017 1403 2096 pariter
1422 2019 1527 2082 dolosi.

547 2199 685 2280 putant
721 2207 764 2255 se
803 2181 896 2256 haec
932 2178 1173 2276 intellegere,
1213 2179 1276 2275 qui
1305 2179 1412 2252 nauci
1438 2180 1579 2253 saciunt
1606 2199 1758 2279 poetam
1785 2209 1876 2282 prae
1902 2185 2037 2259 ceteris

548 2307 788 2405 perspicuum
818 2305 1042 2402 explicando
1069 2303 1227 2376 reddere
1253 2303 1577 2393 obscurissimum,
1616 2309 1728 2382 modo
1755 2335 1802 2383 ne
1828 2311 2038 2383 deserenda

547 2434 597 2507 sit
633 2433 803 2506 codicum
843 2430 946 2503 fides.
986 2430 1054 2501 sed
1081 2428 1276 2500 uideamus
1302 2429 1350 2500 de
1375 2428 1544 2526 singulis.
1572 2446 1611 2504 et
1638 2433 1755 2506 uerba
1779 2435 1933 2531 quidem
1958 2435 2038 2508 albo

547 2584 644 2631 rare
671 2556 783 2630 Fides
807 2556 930 2627 uelata
947 2563 1079 2650 panno
1104 2577 1129 2624 a
1154 2552 1246 2626 uitio
1272 2553 1440 2626 inmunia
1465 2554 1587 2628 habeo
1612 2557 1852 2631 subscribens
1872 2559 2038 2656 Porphy-

549 2681 663 2755 rionis
705 2678 1028 2776 interpretationi:
1072 2687 1200 2774 posset
1239 2679 1364 2752 utilene
1403 2679 1550 2751 sordide
1586 2679 1728 2754 de'sce'sse
1763 2689 1913 2778 panno,
1964 2683 2041 2756 nisi

547 2807 656 2880 uellet
679 2805 747 2877 lenc
771 2803 994 2900 conceptione
1017 2802 1201 2900 intellegi,
1234 2828 1258 2874 a
1276 2803 1568 2899 pauperzbrz'bns
1593 2807 1717 2905 magis
1741 2807 1810 2880 coli
1822 2807 1962 2904 fidem
1993 2807 2037 2880 cs.

549 2930 768 3006 Lactantius
805 2930 853 3001 de
882 2953 954 3001 aue
981 2927 1167 3000 Phoenice
1198 2951 1239 3020 19
1267 2928 1427 3026 Egestas
1451 2929 1566 3001 obsita
1583 2931 1738 3026 pannis.
1778 2956 1903 3028 neque
1924 2930 2038 3005 alium

547 3081 662 3155 quam
687 3053 815 3128 album
842 3077 1009 3149 pannum
1036 3051 1142 3123 Fidei
1169 3052 1373 3125 conuenire
1398 3071 1568 3149 apparet.
1597 3080 1709 3150 porro
1722 3054 1820 3152 Spes
1838 3055 2038 3130 infelicium

548 3182 861 3276 adflictorumque
895 3177 997 3250 socia
1030 3176 1218 3248 communi
1253 3177 1420 3249 omnium
1447 3202 1513 3250 ore
1539 3179 1787 3275 praedicatur.
1826 3181 1898 3254 hae
1924 3181 2040 3278 igitur

547 3307 683 3382 ambae
721 3303 849 3377 colunt
885 3301 1189 3398 comitanturque
1223 3302 1450 3388 Fortunam,
1489 3328 1574 3375 cum
1610 3303 1788 3401 relinquit
1821 3331 1916 3402 quos
1949 3323 2040 3380 ante

549 3432 696 3505 souerat
730 3429 882 3513 beatos,
922 3427 991 3499 hoc
1026 3440 1103 3512 est,
1144 3450 1220 3498 una
1252 3451 1337 3499 cum
1372 3427 1543 3500 Fortuna
1580 3429 1741 3502 aduersa
1766 3431 1909 3503 abeunt
1934 3455 2040 3504 exce-

549 3557 732 3652 duntque.
768 3553 827 3625 hic
862 3549 964 3623 nulla
996 3565 1055 3622 est
1090 3550 1374 3647 tergiuersatio,
1407 3551 1466 3624 hic
1492 3550 1542 3623 nil
1570 3551 1701 3625 iuuant
1726 3553 1899 3651 argutiae
1924 3571 2041 3652 atque

550 3678 717 3753 artificia.
757 3675 843 3774 lege
881 3675 998 3747 uerba
1034 3700 1148 3748 sensu
1187 3676 1423 3770 incorrupto:
1463 3701 1584 3774 aeque
1619 3701 1759 3774 paucos
1793 3677 1888 3752 fidos
1926 3704 2041 3776 quam

551 3803 707 3900 uulgum
742 3802 965 3886 amicorum,
1000 3800 1091 3896 quin
1126 3799 1241 3872 etiam
1277 3798 1448 3873 ultimum
1484 3801 1704 3874 miserorum
1730 3801 1898 3876 solamen
1923 3803 2041 3900 Spem

550 3954 635 4002 cum
675 3928 844 3999 Fortuna
894 3923 1005 3997 celeri
1044 3925 1142 4020 pede
1179 3925 1387 3997 euadentes
1426 3925 1606 3998 inuenies.
1658 3927 1754 3999 hanc
1793 3926 1893 4000 enim
1931 3928 2041 4001 deam

551 4053 739 4127 inimicam
764 4049 995 4147 cogitatione
1021 4048 1147 4121 subito
1174 4064 1320 4121 mutare
1347 4048 1384 4120 in
1412 4049 1605 4122 hominum
1630 4068 1772 4124 sortem
1799 4050 1945 4124 tristem
1968 4051 2042 4124 iam

551 4193 812 4261 consecutam,
838 4199 952 4272 quam
978 4173 1078 4270 Spes
1104 4175 1134 4246 F
1138 4173 1295 4270 idesque
1321 4173 1444 4246 colere
1469 4173 1661 4260 dicantur,
1693 4175 1795 4246 unde
1821 4175 1929 4248 nobis
1954 4175 2043 4248 licet

552 4319 617 4376 aut
654 4299 845 4399 quomodo
884 4324 953 4395 per
991 4298 1116 4395 poesis
1155 4297 1258 4395 leges
1292 4323 1511 4371 concessum
1545 4297 1630 4372 est?
1667 4297 1862 4396 praeualet
1898 4299 1936 4372 in
1963 4317 2044 4372 toto

551 4426 716 4500 carmine
760 4425 869 4497 unius
907 4422 1001 4496 deae
1041 4422 1185 4519 imago,
1230 4422 1424 4520 praeualet
1463 4423 1500 4495 in
1537 4424 1718 4520 strophae
1755 4439 1887 4496 sextae
1925 4423 2042 4497 initio.

552 4551 656 4623 cuius
691 4549 728 4621 in
764 4548 905 4645 protasi
941 4548 1004 4644 qui
1040 4549 1088 4620 de
1123 4548 1218 4621 deae
1253 4547 1468 4621 cultricibus
1502 4549 1777 4646 comitibusque
1803 4547 1915 4646 legit,
1948 4551 1979 4622 is
2006 4550 2043 4623 in

552 4674 709 4772 apodosi
748 4672 871 4746 facere
907 4698 982 4745 non
1019 4688 1148 4769 potest
1181 4672 1272 4770 quin
1307 4671 1425 4746 solam
1459 4674 1570 4746 deam
1605 4687 1806 4770 agnoscat,
1840 4673 2046 4747 adiuuante

553 4798 777 4896 praesertim
820 4813 859 4870 et
903 4796 1126 4870 conciliante
1164 4797 1247 4894 ipso
1287 4797 1349 4871 illo
1387 4809 1484 4871 neste
1521 4808 1665 4870 mutata
1705 4798 1856 4870 inimica
1894 4799 2044 4895 linquis.

553 4924 682 5020 itaque
717 4922 894 4995 confusae
928 4946 1112 5018 personae
1149 4937 1188 4994 et
1223 4923 1275 4994 rei
1301 4922 1519 5018 spurcitiem
1547 4921 1707 4995 Horatio
1733 4921 1836 4994 omni
1863 4947 1910 4995 ex
1937 4940 2046 5019 parte

553 5048 748 5144 indignam
776 5045 1065 5143 perhorrescens
1093 5044 1286 5118 Bentleius
1312 5047 1431 5119 uerte's
1456 5073 1525 5143 pro
1550 5047 1690 5142 linquis
1704 5046 1918 5142 proposuit,
1934 5072 2046 5144 porro

553 5183 633 5246 tnm
660 5197 728 5268 pro
753 5181 803 5243 at.
849 5170 954 5242 cuius
980 5169 1165 5266 propositi
1192 5170 1550 5267 improbabilitatem
1577 5171 1809 5268 perspiciens
1837 5170 2047 5244 Peerlkam-

555 5298 639 5393 pius
669 5296 736 5369 sed
756 5295 918 5369 comitem
944 5295 1104 5392 abmgat
1128 5293 1277 5380 maluit,
1319 5320 1396 5367 non
1423 5295 1484 5369 ille
1508 5295 1662 5393 quidem
1688 5293 1846 5380 felicior,
1883 5320 1989 5380 curn,
2016 5294 2046 5366 si

553 5420 652 5517 Spes
678 5436 718 5493 et
745 5419 859 5492 Fides
886 5435 1084 5491 remanent
1110 5418 1148 5490 in
1175 5420 1336 5492 aduersa
1361 5419 1530 5505 fortuna,
1558 5420 1675 5492 uerba
1700 5429 1733 5491 te
1759 5419 1851 5515 Spes
1876 5429 1912 5491 et
1936 5419 2048 5492 Fides

554 5547 679 5618 colunt
713 5545 811 5617 hunc
844 5542 1031 5640 accipiant
1065 5569 1218 5617 sensum
1254 5568 1494 5639 peruersum,
1533 5543 1640 5640 quasi
1667 5542 1867 5616 arridentis
1894 5568 2047 5640 quoque

555 5670 748 5742 Fortunae
774 5667 917 5741 amicae
943 5668 1019 5741 sint
1044 5669 1212 5741 eaedem.
1240 5667 1308 5740 sed
1335 5668 1435 5740 enim
1461 5683 1609 5740 tantum
1637 5667 1749 5740 rebus
1776 5666 1913 5740 misere
1934 5667 2048 5740 fluen-

555 5793 656 5866 tibus
691 5809 888 5891 apparent.
917 5793 1094 5889 prouenit
1119 5808 1246 5865 autem
1274 5792 1471 5876 mendum,
1503 5791 1573 5863 nisi
1601 5789 1726 5876 fallor,
1753 5816 1801 5863 ex
1827 5816 1872 5863 eo
1898 5815 2048 5888 corrup-

556 5916 655 5990 telae
682 5943 843 6015 genere,
870 5917 973 6014 quod
1000 5915 1196 5989 inlustraui
1224 5915 1466 6014 praefationis
1488 5914 1537 5988 ad
1551 5915 1789 6012 Propertium
1803 5940 1893 6012 pgg.
1909 5915 2047 5988 XXIX

1874 6041 1888 6085 2
