5240 7396
1326 995 1348 1062 8

1038 1195 1097 1254 Vix
1116 1194 1244 1252 Martem
1264 1190 1366 1251 tunica
1385 1201 1498 1252 tectum
1518 1190 1708 1252 adamantina

1031 1289 1128 1368 Digne
1148 1288 1294 1366 scripserit
1313 1298 1364 1348 aut
1385 1290 1506 1366 puluere
1529 1288 1640 1350 Troico

1030 1387 1155 1466 Nigrum
1177 1385 1333 1448 Merionen
1353 1397 1404 1446 aut
1424 1405 1483 1464 ope
1503 1386 1630 1448 Palladis
1682 1451 1685 1458 ,

1110 1483 1250 1561 Tydiden
1269 1483 1381 1563 superis
1400 1504 1511 1563 parem.

575 1672 872 1750 demonstratur
917 1671 1034 1769 igitur
1077 1671 1222 1745 adscita
1266 1672 1442 1768 asyndeti
1491 1669 1707 1768 explicatiui
1750 1672 1854 1769 quod
1891 1670 2086 1770 appellant

589 1796 825 1894 grammatici
851 1796 989 1883 sorma,
1016 1822 1083 1870 cur
1107 1797 1220 1870 Musa
1246 1813 1370 1870 uetet:
1398 1795 1489 1894 quid
1515 1796 1616 1869 enim
1643 1812 1798 1869 tenerae
1825 1794 1875 1868 illi
1903 1820 2085 1869 essecum

589 1922 685 1995 duro
721 1921 938 2018 inmanique
972 1920 1060 1994 belli
1095 1922 1187 2008 deo,
1227 1921 1318 2019 quid
1348 1946 1433 1994 cum
1458 1921 1549 1995 uiris
1575 1921 1735 1995 sortibus
1761 1921 1799 1994 in
1826 1946 1957 2018 pugna
1981 1921 2085 1994 dimi-

590 2044 790 2120 cantibus?
829 2044 921 2118 nihil
960 2045 997 2118 in
1036 2045 1095 2118 his
1132 2045 1323 2142 superflue
1362 2045 1566 2143 repetitum
1605 2061 1682 2132 est,
1722 2062 1765 2119 ut
1803 2046 1991 2144 persuasit
2015 2046 2086 2119 sibi

591 2168 885 2266 Peerlkampius.
921 2195 1009 2243 nam
1043 2186 1158 2244 antea
1192 2186 1306 2266 poeta
1340 2170 1378 2243 in
1414 2170 1631 2243 uniuersum
1655 2170 1816 2267 grandia
1840 2186 2085 2268 argumenta,

590 2292 749 2368 Achillis
776 2293 897 2368 Ulixis
924 2293 1073 2391 Pelopis
1099 2293 1263 2380 fabulas,
1291 2294 1498 2380 recusauit;
1526 2320 1627 2368 nunc
1640 2311 1683 2368 ut
1697 2295 1830 2368 horum
1844 2294 2086 2369 difficultates

590 2419 645 2491 ita
681 2443 834 2491 suarum
873 2418 1009 2491 uirium
1044 2418 1302 2492 infirmitatem
1328 2417 1548 2516 singillatim
1574 2417 1750 2515 exempla
1776 2419 2003 2516 proferendo
2028 2445 2086 2493 os-

591 2542 714 2617 tendit
754 2541 812 2640 (ut
847 2541 1034 2616 simillime
1058 2558 1127 2616 sat.
1156 2543 1188 2615 ΙΙ
1220 2566 1256 2630 1,
1288 2567 1328 2616 12
1356 2544 1469 2641 sqq.).
1507 2544 1556 2615 ad
1583 2568 1714 2637 uocem
1741 2544 1831 2631 uix,
1858 2569 1957 2642 quae
1982 2545 2085 2641 apud

591 2683 725 2765 poetas
759 2667 837 2739 sere
862 2693 938 2739 non
962 2683 1121 2764 aequat,
1155 2667 1198 2740 cs.
1226 2692 1284 2740 ex.
1311 2693 1368 2765 gr.
1395 2668 1455 2741 od.
1484 2668 1498 2740 Ι
1530 2691 1592 2760 14,
1621 2688 1641 2759 7
1668 2667 1740 2741 uix
1764 2668 1910 2742 durare
1933 2669 2085 2742 carinas

585 2793 733 2893 possint
754 2791 991 2888 imperiosius
1015 2817 1163 2887 aequor.

665 3150 737 3223 Od.
766 3150 781 3220 Ι
812 3169 874 3241 17,
904 3172 1066 3241 21—24:

1031 3325 1093 3386 Hic
1113 3324 1279 3387 innocentis
1298 3327 1407 3403 pocula
1427 3325 1525 3387 Lesbii

1032 3425 1131 3484 Duces
1151 3424 1208 3484 sub
1228 3424 1350 3500 umbra,
1370 3441 1426 3484 nec
1447 3422 1606 3485 Semeleius

1071 3521 1149 3581 Cum
1170 3522 1267 3582 Marte
1286 3521 1449 3582 confimdet
1471 3522 1633 3598 Thyoneus

972 3616 975 3624 ’
1110 3617 1241 3694 Proelia,
1262 3638 1318 3680 nec
1339 3629 1450 3680 metues
1465 3629 1641 3696 proteruum
1661 3638 1722 3697 eqs.

590 3807 755 3905 Thyone
788 3806 968 3904 quoniam
999 3807 1133 3880 eadem
1159 3821 1218 3880 est
1243 3832 1328 3880 cum
1353 3805 1523 3892 Semele,
1550 3806 1608 3879 bis
1633 3805 1890 3904 appellatione
1915 3833 1938 3882 a
1964 3825 2084 3882 matre

589 3946 744 4030 sumpta
782 3931 950 4031 Bacchus
989 3931 1116 4004 utitur.
1158 3930 1279 4028 qualis
1316 3930 1477 4028 duplicis
1515 3933 1778 4029 metronymici
1804 3932 2020 4030 exemplum
2045 3934 2084 4006 in

479 4145 482 4154 ‚
591 4055 727 4129 litteris
761 4055 927 4153 antiquis
957 4081 1034 4129 non
1060 4056 1257 4153 reperitur.
1286 4057 1387 4129 unde
1413 4056 1494 4129 iure
1519 4081 1588 4129 suo
1615 4057 1814 4130 Hanouius
1839 4082 1932 4130 mus.
1960 4057 2082 4131 Rhen.

591 4179 663 4254 uol.
692 4179 786 4254 XIV
814 4207 850 4277 p.
865 4203 951 4273 ¹314
989 4178 1079 4252 illud
1117 4180 1315 4253 Senuleius
1352 4179 1391 4253 in
1430 4181 1568 4254 mendo
1607 4181 1745 4254 cubare
1770 4180 1875 4254 dixit.
1915 4181 2085 4255 eiusdem

590 4331 683 4379 uero
721 4305 977 4378 coniecturam
1013 4305 1132 4379 simul
1152 4305 1306 4378 Euhius
1343 4306 1392 4378 ob
1431 4305 1543 4378 inane
1582 4331 1735 4402 prorsus
1768 4305 1939 4379 additum
1972 4306 2091 4379 simul

591 4446 693 4504 recte
718 4455 804 4502 cum
829 4428 912 4503 aliis
938 4429 1156 4526 inprobauit
1181 4429 1373 4503 Robertus
1401 4429 1600 4526 Ungerus,
1639 4430 1698 4503 uir
1722 4430 1980 4518 doctissimus,
2003 4414 2085 4528 ipse

591 4571 631 4628 et
655 4554 856 4628 audaciore
881 4534 921 4628 ei
946 4553 1149 4627 infeliciore
1176 4554 1425 4651 temptamine
1451 4552 1587 4627 ludens
1598 4555 1762 4628 stimulis
1774 4555 1867 4628 leuis
1882 4555 2084 4654 (Emendd.

592 4678 726 4752 Horat.
755 4705 791 4777 p.
820 4677 894 4777 36).
921 4695 963 4752 tu
990 4678 1137 4752 duabus
1163 4677 1338 4752 litterulis
1363 4677 1520 4752 adiectis
1546 4679 1730 4752 rescribas
1756 4704 1916 4777 quaeso:

1031 4877 1087 4919 nec
1107 4861 1197 4918 semel
1217 4856 1318 4919 ebrius
1336 4892 1378 4904 —
1399 4858 1578 4934 Tmoneus,

591 5042 640 5091 ex
666 5032 758 5090 noto
783 5017 886 5091 uocis
910 5019 1024 5091 semul
1045 5044 1133 5105 usu,
1161 5043 1259 5115 quae
1285 5018 1381 5091 adici
1402 5018 1500 5092 solet
1512 5020 1561 5093 ad
1575 5018 1864 5117 significandum
1878 5018 1931 5092 rei
1945 5034 2087 5094 statum

591 5157 738 5215 certum
763 5157 804 5214 et
829 5141 1132 5216 inreuocabilem.
1160 5169 1208 5216 ex
1234 5167 1374 5240 magna
1392 5142 1654 5241 exemplorum
1668 5142 1965 5216 Horatianorum
1978 5143 2088 5241 copia

591 5265 786 5364 adponere
821 5268 960 5341 sufficit
984 5283 1055 5342 sat.
1083 5269 1114 5341 ΙΙ
1146 5292 1184 5354 1,
1213 5291 1260 5360 24
1284 5277 1329 5340 ul
1352 5268 1467 5340 semul
1484 5267 1552 5341 icto
1578 5267 1728 5342 occessit
1741 5265 1887 5368 feruor
1910 5268 2025 5364 capiti
2049 5283 2089 5342 et

592 5391 703 5487 epod.
736 5412 797 5485 15,
830 5411 870 5486 15
898 5417 962 5465 noc
985 5392 1099 5465 seond
1119 5391 1253 5491 offlmi
1272 5391 1371 5465 cedet
1392 5392 1600 5466 constantio
1616 5389 1782 5492 formae.
1827 5392 1935 5466 audit
1959 5408 2088 5466 autem

593 5514 762 5588 Bacchus
797 5515 942 5603 ebrius,
982 5532 1024 5589 ut
1062 5514 1176 5613 plane
1212 5515 1386 5589 similiter
1419 5517 1581 5590 modicus
1606 5517 1666 5590 od.
1695 5517 1709 5589 Ι
1740 5517 1802 5604 18,
1832 5538 1852 5609 7
1879 5533 1919 5590 et
1943 5517 2089 5590 inuere-

591 5639 736 5712 cundus
761 5640 871 5736 epod.
904 5664 966 5727 11,
998 5663 1051 5733 13.
