5240 7396
1262 973 1309 1044 23

540 1187 668 1245 autem
693 1171 835 1269 aliquid
860 1173 909 1246 ad
934 1174 1149 1270 augendam
1176 1198 1355 1273 magnam
1373 1171 1580 1272 fortunam
1595 1172 1769 1261 conferri,
1783 1173 1815 1246 si
1830 1172 2033 1270 praecipua

540 1295 642 1369 orbis
669 1313 853 1370 terrarum
879 1322 967 1394 pars
993 1321 1132 1370 nomen
1158 1296 1336 1394 Europae
1362 1298 1522 1371 ductura
1546 1297 1712 1371 dicatur:

1019 1503 1070 1552 tua
1090 1495 1184 1552 lectus
1204 1490 1284 1553 orbis
1303 1490 1427 1552 nomina
1446 1491 1545 1553 ducet.

538 1667 649 1740 lectus
676 1693 745 1765 pro
768 1669 918 1755 electus,
945 1685 987 1741 ut
1012 1693 1070 1742 ex.
1096 1694 1152 1766 gr.
1180 1667 1354 1741 carminis
1380 1667 1581 1742 saecularis
1607 1696 1641 1741 u.
1668 1675 1702 1742 6.

613 2192 735 2290 Epod.
769 2217 802 2280 1,
834 2214 874 2287 15
902 2218 957 2290 sq.
986 2193 1078 2266 haec
1104 2209 1239 2266 extant
1264 2193 1302 2265 in
1327 2192 1536 2266 codicibus:

939 2372 1053 2449 Roget,
1074 2381 1158 2430 tuum
1179 2371 1311 2431 laborem
1332 2368 1404 2446 quid
1426 2369 1525 2430 iuuem
1546 2388 1631 2443 meo,

1059 2467 1181 2529 Inbellis
1199 2487 1236 2528 ac
1257 2469 1357 2528 finnus
1377 2469 1505 2545 parum?

540 2627 673 2701 uitium
709 2628 905 2701 metricum
941 2627 994 2701 ita
1028 2627 1117 2701 inde
1150 2653 1173 2701 a
1207 2626 1399 2700 Glareano
1433 2626 1667 2701 sustulerunt
1701 2645 1743 2701 ut
1777 2653 1847 2726 pro
1872 2628 2032 2702 laborem

539 2752 789 2826 rescriberent
814 2752 946 2826 labore.
973 2753 1041 2826 sed
1067 2778 1180 2851 quam
1206 2751 1313 2826 sacile
1339 2778 1386 2826 ex
1400 2752 1788 2826 accusatiuohtborcm
1801 2752 2033 2851 cogitatione

539 2878 589 2950 ad
613 2902 690 2950 nuo
715 2875 923 2973 repetimus
948 2876 1175 2964 ablatiuum‚
1201 2893 1281 2950 tam
1307 2875 1458 2950 difficile
1484 2901 1595 2950 uersa
1619 2877 1702 2951 uice
1728 2876 1766 2950 in
1787 2878 1858 2951 hac
1870 2874 2032 2951 lectione

539 3011 647 3074 tuum
681 3001 804 3075 habore
836 3001 932 3098 quid
961 3001 1087 3074 iuuem
1121 3027 1198 3075 nuo
1231 3027 1279 3074 ex
1304 3000 1471 3075 ablatiuo
1497 3001 1711 3098 postposito
1735 3002 1785 3075 ad
1811 3001 1915 3099 prius
1941 3000 2031 3074 illud

539 3135 646 3198 tuum
679 3123 1008 3222 subintellegimus
1041 3125 1307 3200 accusatiuum.
1356 3125 1531 3198 nimirum
1563 3150 1639 3198 non
1665 3123 1887 3200 uiolentiore
1914 3141 2032 3199 muta-

539 3250 643 3324 tione
692 3248 794 3347 (nam
841 3248 946 3324 lenes
992 3250 1206 3323 huiusmodi
1249 3249 1564 3348 transpositiones
1602 3249 1640 3323 in
1678 3250 1813 3347 quouis
1849 3249 2032 3346 scriptore

539 3375 765 3474 euenerunt)
793 3374 949 3449 meliora
974 3374 1287 3471 reciperabimus:

939 3554 1053 3631 Roges,
1074 3553 1206 3614 laborem
1226 3551 1300 3630 quid
1319 3559 1407 3612 tuum
1428 3551 1526 3614 iunem
1547 3571 1631 3627 meo,

538 3737 614 3809 quo
640 3728 679 3785 et
705 3711 795 3785 illud
820 3711 1009 3786 lucramur
1033 3713 1135 3811 quod
1161 3712 1284 3787 uicina
1310 3713 1384 3786 iam
1410 3723 1518 3786 tuum
1542 3728 1583 3787 et
1607 3737 1685 3786 nuo
1711 3710 1853 3786 maiore
1878 3736 1964 3785 cum
1991 3711 2029 3784 ui

537 3835 638 3909 inter
662 3860 704 3909 se
729 3853 986 3934 opponuntur.

612 3959 754 4034 Ibidem
786 3981 946 4053 17-22:

977 4111 1085 4173 Comes
1105 4111 1219 4173 minore
1240 4131 1304 4173 sum
1325 4113 1439 4173 futurus
1459 4111 1490 4172 in
1511 4122 1607 4188 metu,

1056 4209 1116 4286 Qui
1137 4208 1232 4271 maior
1250 4211 1385 4271 absent&
1405 4210 1508 4271 habet:

976 4309 1019 4369 Ut
1038 4306 1174 4369 adsidens
1195 4307 1376 4385 inplumibus
1396 4306 1483 4384 pullis
1501 4307 1566 4368 auis
1633 4301 1637 4310 '

1055 4405 1241 4484 Serpentium
1261 4407 1398 4483 adlapsus
1418 4404 1503 4466 timet

975 4503 1072 4582 Magis
1091 4502 1215 4579 relictis,
1235 4522 1297 4564 non
1318 4513 1352 4563 ut
1370 4502 1447 4564 adsit
1467 4502 1557 4564 auxili

1057 4604 1164 4662 latura
1184 4602 1249 4679 plus
1269 4601 1479 4678 praesentibus.

538 4811 572 4858 u.
601 4809 642 4858 21
681 4812 755 4860 non
789 4796 834 4859 ut
863 4786 965 4860 adsit
996 4785 1034 4859 in
1068 4787 1243 4860 omnibus
1277 4787 1387 4860 bonis
1422 4785 1526 4859 libris
1551 4785 1728 4874 traditur,
1760 4811 1956 4885 praueque
1980 4813 2028 4862 ex

536 4909 674 4984 nullius
700 4911 812 5008 pretii
837 4910 1028 4984 codicibus
1052 4911 1267 4985 adsciscunt
1292 4911 1352 4984 uti
1373 4911 1433 4985 sit.
1460 4911 1531 4984 sed
1552 4911 1652 4985 iusta
1664 4911 1867 4984 uerborum
1881 4909 2028 4985 illorum

535 5034 738 5133 explicatio
771 5035 949 5110 cohaeret
983 5060 1068 5109 cum
1101 5035 1257 5110 alterius
1290 5034 1523 5109 difficultatis
1549 5034 1785 5110 tractatione.
1826 5061 1913 5110 nam
1939 5037 2029 5135 quia

536 5160 635 5246 auis,
670 5184 768 5257 quae
801 5159 943 5234 assidet
977 5160 1218 5258 custoditque
1244 5158 1386 5257 pulloS,
1421 5184 1498 5234 non
1523 5159 1632 5233 simul
1659 5159 1855 5258 reliquisse
1880 5177 2026 5258 potest,

536 5283 626 5357 illud
663 5285 787 5383 magas
824 5284 961 5358 relictis
998 5301 1100 5358 stare
1139 5285 1282 5382 nequit.
1334 5283 1499 5382 Gogauii
1538 5310 1629 5359 uero
1666 5285 1864 5359 inuentum
1902 5285 2028 5359 minus

535 5409 672 5484 reu'cto
710 5433 843 5506 parum
882 5409 1032 5495 iuuare,
1071 5426 1174 5483 recte
1212 5410 1393 5484 admonet
1428 5408 1721 5507 Peerlkampius.
1761 5409 1893 5508 utique
1926 5409 2027 5483 enim

535 5533 639 5606 timet
662 5534 788 5606 minus
810 5559 926 5631 quam
951 5533 1090 5608 relictis
1119 5532 1210 5632 (scil.
1238 5533 1361 5633 timet)
1391 5535 1539 5632 flagitat
1563 5533 1748 5622 latinitas;
1775 5558 2027 5632 nequequam

534 5657 588 5731 sic
621 5657 775 5756 quidem
800 5658 927 5731 omissi
954 5657 1070 5731 ullum
1095 5658 1266 5756 suppetit
1290 5657 1518 5757 exemplum.
1554 5683 1671 5760 porro¹
1693 5683 1769 5731 non
1794 5656 2026 5732 laudauerim

535 5782 592 5856 bis
618 5782 752 5856 eodem
778 5783 891 5856 modo
916 5783 989 5857 dici
1013 5783 1157 5856 nrinorc
1181 5783 1223 5856 in
1242 5794 1340 5856 nutu
1354 5798 1394 5857 et
1406 5783 1511 5856 timet
1521 5783 1665 5856 nu'nus:
1680 5782 1805 5880 potuit
1817 5782 2026 5880 debuitque

534 5905 635 5980 enim
670 5931 740 6003 par
771 5932 905 5980 sensus
940 5906 1100 5980 diuersis
1134 5906 1260 5980 uerbis
1285 5906 1456 6003 exprimi.
1484 5907 1608 6004 ipsum
1633 5922 1761 5980 autem
1787 5905 1878 5979 illud
1902 5907 2026 6006 magis
