5240 7396
1289 993 1335 1063 29

566 1193 692 1266 referri
723 1193 773 1266 ad
799 1210 942 1266 certum
970 1195 1160 1290 quendam
1186 1211 1390 1267 auctorem.
1431 1193 1566 1291 quodsi
1594 1218 1641 1266 ne
1668 1193 1843 1267 carminis
1868 1210 2061 1267 auctorem

564 1317 714 1390 conlato
739 1318 832 1390 artis
859 1319 1031 1414 poeticae
1058 1346 1092 1390 u.
1120 1339 1165 1411 45
1193 1318 1412 1413 scriptorem
1439 1316 1704 1414 intellegamus
1726 1333 1878 1391 saturae
1890 1319 2062 1391 scenicae

565 1459 700 1515 natura
726 1443 921 1539 prohibet,
950 1442 1097 1515 unicam
1123 1467 1171 1515 ex
1197 1443 1255 1516 his
1282 1442 1402 1515 turbis
1429 1468 1498 1515 nos
1524 1441 1751 1538 expediendi
1777 1467 1885 1539 spem
1912 1442 1950 1514 in
1975 1468 2062 1517 con-

565 1567 707 1640 iectura
733 1566 896 1664 positam
922 1592 1007 1639 esse
1034 1583 1138 1664 puto.
1178 1570 1339 1641 emendo
1367 1567 1499 1664 igitur:

1340 1771 1426 1832 fuerit
1446 1771 1574 1832 limatior
1595 1771 1674 1833 idem

925 1868 1024 1942 Quam
1046 1867 1125 1928 rudis
1145 1881 1175 1929 et
1195 1867 1315 1928 Graecis
1336 1867 1438 1928 intacti
1458 1868 1595 1929 carminis
1614 1882 1700 1930 actor

926 1967 1084 2043 Quamque
1104 1981 1257 2042 poetarum
1279 1967 1426 2027 seniorum
1449 1969 1543 2028 turba.

564 2156 612 2228 ad
647 2153 874 2227 locutionem
910 2154 953 2226 cs.
991 2153 1120 2226 Liuius
1147 2153 1217 2225 Vll
1246 2178 1288 2239 2,
1316 2155 1337 2226 8
1372 2179 1529 2228 suorum
1554 2156 1766 2227 carminum
1792 2165 1904 2229 actor.
1944 2173 2061 2254 atque

565 2280 661 2353 hanc
695 2279 947 2376 suspicionem
985 2278 1075 2351 olim
1109 2296 1332 2374 conceptam
1368 2304 1466 2351 nunc
1501 2278 1760 2353 confirmatam
1795 2280 1907 2353 uideo
1933 2281 2060 2354 codice

566 2404 834 2501 Porphyrionis
861 2402 1102 2488 Monacensi,
1129 2403 1194 2499 qui
1221 2402 1258 2474 in
1285 2403 1464 2477 lemmate
1490 2403 1613 2500 ipsum
1640 2402 1730 2477 illud
1755 2405 1937 2478 carminis
1957 2417 2061 2480 actor

564 2529 729 2602 exhibet.
770 2526 975 2600 dolendum
1015 2545 1073 2600 est
1111 2527 1284 2624 quidem,
1324 2529 1426 2624 quod
1465 2529 1556 2625 quid
1597 2529 1804 2626 Porphyrio
1842 2528 1978 2626 legerit
2012 2555 2060 2603 ex

564 2653 905 2750 interpretamento
945 2677 1020 2724 non
1058 2667 1238 2748 apparet,
1282 2668 1323 2723 ut
1363 2652 1483 2748 possit
1519 2654 1675 2726 subesse
1714 2679 1840 2727 merus
1878 2655 1958 2727 eius
1996 2654 2061 2752 qui

564 2779 730 2851 codicem
769 2778 919 2875 scripsit
958 2802 1079 2861 err0r;
1119 2777 1187 2848 sed
1226 2801 1304 2861 τες,
1343 2776 1374 2848 si
1413 2803 1488 2874 qua
1526 2777 1621 2864 alia,
1659 2778 1907 2853 adnotatione
1944 2780 2061 2876 digna

563 2902 714 2975 silentio
741 2902 861 2998 premi
887 2902 1042 2974 omnino
1068 2926 1144 2974 non
1170 2901 1312 2973 debuit.

639 3449 679 3520 ln
714 3446 797 3520 libri
834 3448 865 3520 ll
899 3466 1028 3521 satura
1061 3447 1195 3545 quinta
1228 3446 1405 3519 Tiresias*
1432 3444 1534 3518 Ulixi
1566 3461 1653 3542 post
1678 3444 1752 3520 alia
1777 3447 1826 3520 ad
1851 3449 2059 3545 captandas

564 3570 796 3644 hereditates
822 3573 1035 3669 spectantia
1061 3571 1150 3644 inde
1175 3597 1198 3645 a
1224 3599 1258 3644 u.
1286 3593 1335 3663 90
1360 3571 1453 3644 haec
1479 3570 1681 3667 praecipit:

946 3779 1102 3839 Difficilem
1123 3791 1152 3839 et
1173 3799 1323 3840 morosum
1343 3778 1472 3839 offendet
1492 3780 1639 3855 garrulum
1660 3778 1736 3836 ultra

945 3877 1015 3935 Non
1035 3876 1123 3936 etiam
1144 3875 1245 3952 sileas;
1265 3879 1367 3936 Dauus
1386 3875 1425 3936 sis
1444 3875 1577 3936 comicus
1597 3886 1685 3952 atque

943 3976 1008 4036 Stes
1027 3975 1124 4052 capite
1145 3975 1263 4052 obstipo
1284 3976 1410 4034 multum
1430 3973 1532 4034 similis
1553 3972 1703 4034 metuenti.

563 4164 755 4237 euicturus
790 4162 991 4236 uerborum
1019 4163 1123 4234 ultra
1151 4161 1219 4258 (sic
1245 4163 1345 4234 enim
1372 4162 1506 4258 optimi
1533 4161 1760 4259 plurimique
1785 4162 1948 4260 codices)
1977 4164 2058 4237 siue

564 4290 664 4361 ultro
702 4314 775 4360 non
812 4287 924 4359 eliam
962 4287 1072 4359 sileas
1109 4287 1391 4384 corruptionem
1428 4287 1540 4359 uideo
1574 4285 1754 4383 longioris
1789 4287 2057 4384 disputationis

562 4413 724 4509 gratiam
751 4411 841 4483 mihi
868 4410 999 4484 secisse
1027 4411 1075 4483 H.
1104 4411 1371 4484 Bluemnerum
1399 4437 1491 4485 mus.
1508 4411 1630 4484 Rhen.
1647 4411 1823 4485 XXXIV
1844 4438 1879 4508 p.
1900 4434 1963 4507 175
1979 4440 2057 4511 sq.,

563 4537 627 4635 qui
654 4563 700 4610 ea
724 4561 842 4634 opera
866 4553 925 4610 sat
952 4553 1054 4609 recte
1080 4552 1139 4609 est
1164 4536 1324 4609 functus.
1353 4537 1531 4634 idemque
1557 4535 1714 4609 Lehrsio
1741 4535 1840 4609 uiam
1862 4563 2058 4634 praemon-

562 4678 709 4736 strante
743 4663 841 4735 bene
874 4660 1104 4735 sententiam
1139 4678 1277 4757 poetae
1313 4660 1538 4758 reciperauit
1572 4660 1791 4733 coniciendo
1817 4661 1921 4734 ultra
1946 4663 2056 4736 nolit:

561 4787 639 4859 mm
670 4787 789 4859 sileas.
817 4785 923 4859 cuius
949 4785 1200 4882 praecessoris
1227 4786 1381 4882 ignarus
1407 4784 1510 4882 quod
1536 4783 1617 4881 ipse
1644 4801 1920 4883 temptaueram
1946 4787 2057 4860 simil·

562 4911 669 4996 lime,
710 4910 746 4983 id
781 4936 880 4983 nunc
916 4935 1070 5007 quoque
1105 4926 1145 4982 et
1179 4909 1300 4982 lenius
1334 4908 1424 4981 mihi
1460 4908 1611 4982 uidetur
1635 4925 1675 4982 et
1701 4909 1813 5006 paulo
1839 4911 2057 4985 concinnius

562 5036 715 5108 dictum.
755 5035 967 5132 suspicatus
992 5050 1121 5109 autem
1147 5059 1270 5108 eram:

1104 5215 1180 5272 ultra
1200 5215 1298 5274 nolet:
1321 5212 1380 5273 iam
1401 5213 1500 5288 sileas,

562 5393 632 5466 hoc
658 5408 736 5466 est:
763 5392 795 5464 si
821 5392 962 5465 diutius
989 5408 1027 5465 te
1052 5390 1245 5489 garrulum
1272 5417 1355 5464 esse
1383 5418 1458 5465 non
1484 5392 1632 5488 cupiet,
1659 5392 1787 5465 statim
1805 5393 2054 5468 obmutescas.

561 5520 611 5592 de
637 5517 815 5616 loquendi
840 5543 983 5613 genere
1009 5535 1101 5590 noto
1127 5517 1169 5589 cf.
1197 5543 1256 5590 ex.
1282 5543 1339 5614 gr.
1366 5534 1435 5590 sat.
1465 5518 1495 5590 ll
1525 5537 1565 5610 7,
1594 5539 1747 5611 32-35.
