5240 7396
1297 989 1341 1060 18

574 1189 730 1288 uulgata
754 1190 940 1287 scriptura
966 1189 1127 1265 habetur
1152 1189 1272 1263 iustus
1297 1213 1383 1262 cum
1409 1188 1584 1286 sequenti
1610 1187 1683 1262 iam
1697 1187 1853 1262 militiae
1865 1187 2065 1264 Venereae

574 1315 828 1412 descriptione
861 1341 1037 1389 conexus.
1076 1314 1236 1388 coniecit
1270 1313 1398 1411 itaque
1424 1311 1582 1387 Carolus
1609 1312 1797 1386 Frankius
1822 1313 1912 1386 uixi
1934 1313 2065 1386 duellis

574 1450 696 1536 nuper
719 1439 882 1513 adoneus.
909 1440 1012 1538 quod
1036 1439 1107 1512 etsi
1135 1439 1344 1537 probarunt
1369 1437 1513 1535 aliquot
1539 1462 1615 1511 non
1633 1437 1749 1510 infimi
1766 1437 1914 1510 ‘ordinis
1927 1437 2064 1524 critici,

532 1649 534 1652 ¹
574 1579 702 1637 tamen
737 1563 966 1637 reiciendum
1000 1580 1059 1637 est
1093 1563 1310 1637 certissime.
1351 1562 1538 1660 ingratam
1573 1561 1840 1658 repetitionem
1868 1562 2001 1635 duellas
2025 1577 2066 1635 et

573 1687 660 1761 bello
698 1688 772 1761 iam
808 1687 870 1761 alii
911 1686 968 1785 (ut
1002 1687 1240 1785 Schuetzius)
1275 1703 1377 1760 recte
1412 1686 1734 1783 perstrinxerunt;
1769 1686 1837 1758 sed
1867 1703 2066 1782 praeterea

573 1838 648 1911 ego
681 1813 803 1911 ipsam
832 1812 946 1887 duelli
972 1838 1104 1887 uocem
1131 1813 1216 1885 huic
1242 1811 1324 1886 loco
1349 1811 1676 1885 adcommodatam
1702 1835 1786 1883 esse
1812 1834 1922 1907 nego.
1962 1836 2065 1883 usur-

574 1938 764 2034 pabantur
800 1938 900 2011 enim
935 1937 1024 2011 talia
1061 1937 1245 2011 uocabula
1270 1937 1393 2034 prisca
1417 1937 1465 2010 ab
1491 1935 1576 2009 aeui
1603 1935 1793 2033 Augustei
1819 1935 2066 2032 scriptoribus

575 2063 645 2151 ibi,
680 2064 744 2137 ubi
769 2064 934 2138 sermoni
959 2064 1188 2161 grauitatem
1215 2063 1404 2160 quandam
1430 2061 1642 2147 addebant,
1678 2060 1742 2133 ubi
1768 2085 1853 2132 cum
1878 2059 2066 2158 dignitate

572 2205 689 2286 atque
713 2208 823 2286 σεμνῶς
847 2187 1108 2286 loquebantur.
1135 2187 1263 2285 itaque
1288 2210 1517 2284 quamquam
1542 2209 1658 2280 saepe
1684 2184 1721 2257 id
1746 2184 1849 2281 quod
1862 2201 1921 2257 est
1934 2185 2065 2258 bellum

572 2314 623 2388 ad
656 2338 716 2387 res
742 2314 937 2387 Venereas
971 2311 1264 2397 transtulerunt,
1299 2327 1427 2384 tamen
1464 2309 1528 2381 ubi
1563 2308 1601 2381 in
1636 2308 1694 2381 his
1727 2307 1878 2381 ludicris
1902 2309 2065 2382 duellum

574 2438 740 2512 dixerint
764 2438 902 2512 frustra
927 2435 1195 2532 circumspicio.
1223 2451 1263 2508 et
1288 2460 1378 2507 num
1405 2433 1458 2507 ita
1483 2432 1615 2506 melior
1640 2432 1683 2506 fit
1707 2433 1924 2507 sententia?
1940 2458 2066 2507 nonne

575 2579 747 2636 remanet
784 2563 887 2660 prior
920 2562 1114 2658 maiorque
1148 2557 1333 2633 offensio?
1371 2558 1505 2656 quodsi
1540 2559 1629 2631 uiui
1650 2558 1789 2654 puellis
1823 2568 1945 2654 nuper
1980 2557 2067 2655 (hoc

575 2704 652 2774 est,
691 2704 794 2761 totus
827 2687 882 2760 eis
915 2686 1066 2759 deditus
1102 2684 1220 2783 eram)
1260 2709 1328 2779 per
1361 2708 1403 2755 se
1437 2682 1589 2779 quidem
1616 2682 1714 2755 bene
1739 2698 1836 2769 stat,
1862 2699 2068 2780 quaeratur

576 2812 702 2907 potius
736 2812 774 2884 in
809 2837 902 2885 uoce
934 2811 1086 2883 idoneus
1119 2807 1261 2906 aliquid
1295 2807 1509 2880 sententiae
1542 2823 1674 2904 aptum
1704 2832 1856 2905 quoque
1881 2806 1990 2881 simul
2016 2809 2065 2882 ad

574 2935 773 3033 sequentia
799 2936 865 3009 fiat
890 2934 1081 3010 transitus.
1108 2932 1311 3006 conuenire
1336 2947 1464 3004 autem
1491 2948 1584 3028 puto
1610 2908 1957 3029 magniloquentiae
1981 2957 2066 3005 cum

567 3060 657 3134 -ioco
682 3059 876 3158 quaesitae
903 3059 1015 3132 hoce:

1074 3199 1135 3260 uixi
1155 3198 1260 3277 puellis
1280 3217 1373 3276 nuper
1393 3198 1552 3273 Adoneus,

575 3391 783 3464 secundum
810 3413 961 3462 uersum
988 3386 1225 3460 notissimum
1252 3383 1390 3460 Catulli
1417 3385 1592 3458 XXlX8
1611 3385 1890 3482 perambulabit
1899 3387 2066 3464 omm'um

575 3513 709 3588 cubilia
734 3524 779 3586 ul
800 3513 948 3587 albulus
971 3511 1157 3586 columbus
1180 3520 1251 3584 aul
1273 3510 1462 3584 Auum.
1502 3509 1607 3583 cuius
1633 3509 1866 3583 celeberrimi
1891 3510 2066 3584 carminis

576 3636 777 3714 Catulliani
802 3636 892 3711 alibi
917 3661 1069 3735 quoque
1094 3651 1227 3732 aperte
1253 3659 1398 3707 memor
1422 3651 1481 3708 est
1494 3633 1686 3708 Horatius.
1715 3635 1921 3708 uocabatur
1937 3653 2066 3710 autem

574 3763 723 3836 Aduu's
759 3761 840 3834 siue
877 3760 1056 3834 Adoneus
1094 3759 1125 3833 is
1162 3759 1226 3857 qui
1265 3776 1304 3832 et
1341 3774 1474 3856 gratus
1509 3775 1763 3856 acceptusque
1802 3776 1884 3833 erat
1918 3759 2065 3834 seminis

575 3903 710 3984 utpote
724 3885 886 3958 Veneris
915 3884 1058 3958 amicus
1083 3900 1123 3957 et
1148 3908 1217 3957 sua
1230 3884 1312 3957 uice
1325 3883 1482 3957 seminas
1496 3884 1648 3957 amabat
1661 3885 1963 3982 sectabaturque.
1991 3911 2065 3982 qua

575 4009 714 4108 duplici
749 4009 911 4083 nominis
945 4009 1099 4082 notione
1133 4010 1232 4082 bene
1258 4009 1332 4083 iam
1357 4025 1397 4081 et
1423 4007 1513 4081 illud
1537 4008 1624 4080 olim
1644 4018 1788 4106 gratus
1811 4034 1918 4082 erum
1944 4009 2066 4108 desig-

575 4152 688 4209 natur
720 4150 760 4207 et
796 4159 842 4209 ea
874 4159 972 4232 quae
998 4133 1046 4205 de
1072 4131 1205 4206 militia
1229 4133 1418 4231 armisque
1443 4132 1581 4206 deinde
1606 4131 1783 4205 dicuntur
1808 4132 2064 4211 inlustrantur.

575 4259 661 4334 talis
694 4259 837 4358 quippe
871 4257 1033 4332 hominis
1070 4255 1259 4330 mulierosi
1294 4273 1353 4331 est
1379 4256 1478 4331 bella
1502 4257 1640 4331 amoris
1666 4273 1706 4329 et
1731 4257 1860 4331 dedita
1885 4282 2003 4354 opera
2027 4276 2067 4333 et

574 4410 659 4458 cum
697 4399 779 4457 arte
816 4384 980 4481 quadam
1016 4407 1170 4480 gerere;
1219 4381 1333 4456 talem
1370 4383 1461 4455 dum
1498 4407 1540 4456 se
1578 4381 1703 4478 lepide
1741 4381 1851 4479 fingit
1889 4381 2066 4473 Flaccus,

575 4533 727 4581 omnem
753 4505 850 4580 illius
874 4522 1099 4603 apparatum
1125 4505 1299 4579 bellicum
1324 4505 1395 4579 sibi
1421 4505 1594 4579 attribuit
1621 4505 1872 4605 uindicatque.
1905 4507 2066 4582 alterum

574 4648 703 4706 autem
728 4631 884 4704 Adonin
918 4655 1068 4727 semper
1101 4655 1143 4703 se
1177 4628 1292 4703 fuisse
1326 4630 1390 4728 qui
1424 4629 1626 4727 gloriatur,
1662 4630 1694 4703 is
1728 4630 1853 4704 hercle
1879 4633 2067 4707 efficacius

576 4757 715 4834 Chloes
740 4757 895 4832 alicuius
919 4757 1086 4830 animum
1113 4772 1247 4854 tanget
1260 4781 1373 4854 quam
1386 4755 1451 4853 qui
1466 4771 1689 4829 ueteranum
1703 4747 1902 4830 emeritum
1917 4757 2067 4856 iamque

575 4883 669 4956 rude
694 4882 911 4956 donandum
936 4907 978 4955 se
1003 4881 1164 4955 simulat.
1191 4896 1311 4954 restat
1337 4897 1378 4953 ut
1403 4882 1452 4954 ad
1479 4880 1570 4953 illud
1587 4880 2066 4956 uixiAdoruusconferam

575 5032 685 5081 serm.
725 5008 739 5080 Ι
770 5031 808 5092 1,
841 5029 902 5081 101
944 5006 1077 5079 studes
1116 5015 1160 5078 ul
1194 5006 1327 5079 uiuum
1361 5005 1558 5091 Naeuius,
1598 5004 1661 5077 ubi
1696 5003 1805 5101 plura
1839 5005 2066 5103 interpretes

576 5147 859 5229 congesserunt.

649 5548 722 5624 Od.
759 5549 807 5622 111
845 5569 889 5641 27
925 5547 1107 5622 Horatius
1144 5545 1328 5622 Galateae
1354 5547 1427 5621 iter
1452 5547 1679 5622 maritimum
1706 5548 1928 5622 dissuadens
1954 5545 2065 5620 latius

576 5673 614 5746 in
640 5673 715 5747 fine
740 5689 926 5770 euagatur
951 5674 1216 5770 persequendo
1242 5673 1420 5770 Europae
1445 5670 1619 5746 fabulam.
1646 5696 1744 5769 quae
1766 5670 1931 5745 narratio
1945 5669 2065 5743 Peerl-

576 5797 729 5894 kampio
766 5798 862 5871 adeo
894 5795 1084 5893 displicuit
1119 5813 1161 5869 ut
1196 5813 1319 5871 totum
1345 5822 1514 5894 pannum
1542 5795 1618 5894 (uu.
1647 5794 1804 5893 33-76)
1832 5793 2065 5868 abiudicaret

576 5938 723 6018 poetae.
751 5937 790 5994 et
815 5918 1024 6018 longiorem
1049 5921 1202 6019 quidem
1228 5921 1511 6018 degressionem
1538 5920 1615 5994 uati
1641 5918 1757 6017 lyrico
1776 5911 2065 5992 condonandam
